2976 5130
112 451 154 516 12
527 453 568 508 De
586 413 738 508 officiorum
756 453 971 526 comparatione.

109 610 243 698 srant¹),
265 634 328 695 qua
349 615 455 677 autem
478 612 517 678 de
539 612 668 678 civitate
689 614 789 697 petita
810 614 861 697 sit,
883 616 1106 680 statuerem
1129 619 1179 680 est
1201 616 1316 682 facila
1346 615 1393 682 Ut

109 707 195 770 enim
218 706 396 772 Mommsen
423 729 492 771 eam
519 729 618 790 aeque
640 730 677 772 ac
698 709 878 791 σύγκλητος
906 712 939 789 et
960 709 1124 793 δήμαρχος
1146 711 1186 776 de
1208 711 1392 795 republica

107 799 320 886 Neapolitana
347 806 507 886 sumptam
530 826 597 868 esse
620 799 799 888 coniecit⁸),
829 804 873 867 ita
894 802 928 867 in
950 804 1054 869 titulis
1075 803 1297 890 Neapolitanis
1318 828 1391 887 nus·
1442 812 1446 831 ¹

109 917 206 980 quarn
233 901 497 962 commemoratur
523 902 638 982 ταμίας
664 897 805 982 quidam,
831 896 957 982 saepius
983 920 1057 963 vcro
1084 900 1119 964 in
1144 900 1249 965 titulis
1273 899 1391 966 Tauro·

107 991 206 1056 menii
242 997 336 1074 atque
371 991 539 1078 Agrigenti
575 993 701 1057 urbium
737 991 902 1078 Siciliae').
966 991 1028 1058 Sed
1063 1017 1136 1060 curn
1172 997 1206 1060 in
1241 994 1391 1060 omnibus

106 1084 293 1152 civitatibus
316 1085 443 1153 Graecis
464 1088 518 1154 hic
539 1087 643 1154 honor
665 1088 831 1171 exstiterit,
858 1087 896 1152 de
918 1089 1141 1172 appellationis
1164 1091 1287 1176 origine
1309 1090 1391 1155 nihil

105 1181 259 1247 constitui
282 1186 396 1266 potest
440 1180 478 1247 Id
499 1182 601 1248 solum
620 1183 928 1248 commemorandum
951 1187 1007 1266 est,
1029 1183 1114 1268 apud
1136 1183 1269 1250 Aetolos
1292 1185 1390 1271 magi-

104 1279 242 1341 stratum
273 1279 431 1360 quendam
462 1280 576 1362 ταμίας
607 1300 676 1342 asse
706 1277 945 1364 appellatum⁴),
977 1300 1074 1362 quare
1105 1281 1175 1344 fieri
1202 1283 1324 1365 potest,
1353 1283 1390 1344 ut

103 1370 243 1436 Romani
265 1372 348 1438 hanc
370 1372 615 1457 appellationem
638 1395 736 1456 aeque
758 1377 852 1456 atque
874 1373 972 1457 illam,
994 1396 1057 1458 qna
1075 1374 1293 1461 designaretur
1310 1375 1411 1440 alter·

104 1466 312 1552 magistratus
333 1467 501 1552 pristinus,
520 1474 660 1552 praetor,
681 1468 719 1534 de
741 1467 922 1534 civitatibus
944 1468 1112 1534 foederatis
1136 1469 1287 1537 Graeciae
1309 1471 1390 1536 occi·

103 1560 242 1627 dentalis
273 1563 475 1647 sumpserint
523 1563 631 1647 Atque
661 1568 697 1627 ut
727 1585 823 1648 supra
853 1565 990 1628 vidimus
1021 1563 1084 1629 iarn
1116 1565 1152 1629 in
1183 1570 1397 1636 monumento*

101 1655 181 1721 anni
204 1656 350 1740 658s196
378 1663 661 1724 commemoratum
687 1680 754 1723 esse
780 1664 971 1740 quaestorum
996 1659 1117 1742 amaa,
1139 1659 1202 1743 ‚qui
1227 1657 1343 1726 Graece
1370 1660 1389 1725 6

101 1749 158 1816 ἐπὶ
185 1761 245 1817 τοῦ
271 1762 429 1818 ναυτικοῦ
456 1755 571 1834 ταμίας
596 1753 826 1838 appellabatur,
852 1754 909 1818 ita.
925 1753 1073 1820 vocabuli
1095 1756 1212 1839 ταμίας
1234 1758 1309 1819 suut
1330 1753 1390 1819 hae

102 1847 187 1911 aliae
208 1847 386 1914 locutiones
408 1849 615 1933 compositae:
638 1870 696 1933 pro
718 1853 857 1931 quaestor
874 1849 1010 1915 urbanas
1032 1849 1213 1915 invenimus
1236 1850 1270 1914 in
1288 1849 1391 1915 tribus

101 1946 234 2008 senatus
260 1945 414 2009 consultis
442 1945 560 2010 saeculi
585 1965 613 2007 a
636 1941 708 2008 (lbr.
734 1966 764 2008 n.
791 1941 919 2030 primi⁶)
941 1943 965 2011 t
992 1947 1108 2028 ταμίας
1133 1945 1153 2011 t
1179 1946 1261 2010 κατὰ
1282 1947 1390 2028 πόλιν,

103 2041 139 2103 et
160 2060 220 2123 pro
241 2043 381 2120 ηααεείοε
397 2060 458 2122 pro
474 2044 616 2122 praetore
637 2042 751 2120 ταμίας
772 2037 1040 2124 ἀντιστράτηγος,
1061 2039 1260 2124 frequentius
1282 2044 1389 2105 tamen

101 2135 221 2216 ταμίας
233 2134 287 2198 καί
300 2132 561 2218 ἀντιστράτηγος,
575 2155 656 2218 quae
669 2133 896 2219 appellationes
910 2135 944 2198 in
954 2133 1056 2199 titulis
1065 2157 1139 2201 cum
1148 2135 1262 2201 aetatis
1271 2134 1389 2200 liberae

101 2232 173 2293 turn
201 2227 314 2294 aetatis
341 2229 561 2314 imperatoriae
586 2233 776 2314 comparent
824 2228 947 2294 Deinde
973 2230 1084 2296 eodem
1111 2231 1208 2296 modo
1234 2231 1389 2296 formatae

101 2345 141 2389 ae
163 2326 349 2408 στρατηγία,
372 2325 544 2409 δημαρχία,
566 2325 753 2408 δημαρχεῖν,
775 2323 1027 2409 ἀντιστράτηγος
1044 2324 1196 2410 aliaeque,
1218 2325 1278 2391 hae
1301 2327 1389 2392 locu·

101 2416 207 2484 tiones
234 2441 254 2483 a
278 2418 433 2486 vocabulo
460 2421 576 2503 ταμίας
602 2419 795 2485 derivantur:
821 2422 948 2504 ταμιεία
975 2424 1007 2484 at
1029 2421 1218 2504 ταμιευτιιιη
1245 2420 1328 2505 άρχη
1346 2451 1387 2475 ==
1419 2439 1425 2446 ·

100 2519 277 2597 quambene,
294 2515 460 2598 ταμιεύειν
477 2514 607 2580 verbum
621 2514 795 2600 temporale
808 2514 938 2598 eiusque
950 2515 1127 2601 participia,
1145 2515 1334 2598 ἀντιταμίας
1345 2545 1387 2569 =

97 2615 307 2692 γιοηααοιίον.
351 2609 496 2694 Denique
523 2609 641 2675 mentio
667 2611 723 2675 liat
744 2609 832 2678 vocis
853 2621 1001 2695 raptatos
1023 2607 1105 2696 (sive
1126 2610 1285 2696 ταμείον),
1308 2632 1388 2695 quae

100 2708 136 2770 et
161 2727 221 2790 per
245 2727 280 2771 se
305 2705 411 2791 posita
437 2711 470 2771 et
496 2727 569 2772 cum
591 2705 662 2770 aliis
684 2706 852 2772 coniuncta
873 2708 906 2771 in
930 2705 1032 2771 titulis
1055 2710 1088 2772 et
1109 2706 1195 2791 apud
1217 2707 1388 2791 scriptores
1413 2773 1423 2781 ,

100 2801 271 2886 reperitur3
298 2822 379 2884 quae
406 2823 478 2868 cum
506 2805 608 2865 aetate
634 2799 847 2895 reipublicae
872 2800 991 2866 liberae
1021 2802 1181 2866 ceramum
1213 2799 1324 2894 (etiam
1350 2801 1387 2867 τὸ

102 2895 264 2980 δημόσιον
290 2906 451 2980 ταμιεῖον,
478 2897 515 2961 τὸ
542 2896 658 2962 κοινὸν
679 2885 839 2980 ταμιείαν)
862 2895 1034 2981 significet,
1057 2898 1161 2960 aetate
1183 2895 1388 2980 imperatoria

100 2991 211 3074 fiscum
248 2990 394 3058 Cesserat
431 2990 541 3079 (etiam
579 3000 712 3076 ταμείον
747 2993 926 3076 Καίσαρος,
961 2991 998 3056 τὸ
1036 2990 1129 3077 ἱερὸν
1163 3001 1312 3076 ταμεῖον,
1349 3013 1387 3057 το

102 3086 278 3171 ίεράτοιτον
299 3087 448 3174 ταμεῖον)
470 3086 598 3154 indicat

189 3179 257 3247 Iaur
289 3203 361 3249 curn
392 3181 548 3249 vocabula
578 3181 757 3263 sollemnis,
788 3180 903 3265 quibus
934 3181 1179 3267 magistratuum
1211 3202 1386 3246 annuorum

100 3277 308 3362 pristinorum
334 3276 463 3343 nomina
486 3275 603 3344 Graece
630 3276 905 3360 convertebantur,
931 3297 989 3361 per
1016 3277 1285 3361 comparationem
1313 3297 1386 3342 curn

101 3371 357 3439 institutionibus
384 3372 511 3438 Graecis
542 3373 699 3437 similibus
726 3376 795 3437 orta
821 3393 888 3436 esse
915 3371 1138 3446 demonstrare,
1158 3375 1290 3436 conatus
1317 3371 1386 3454 sim,

100 3467 309 3554 paragraphis
331 3467 536 3552 sequentibus
559 3468 597 3532 de
619 3466 884 3552 appellationibus
907 3466 1152 3552 magistratuum
1175 3465 1386 3532 extraordina-

100 3562 231 3646 riorum,
252 3584 423 3646 eorumque
441 3564 497 3648 qui
516 3567 695 3647 temporum
717 3563 900 3627 inferiorum
919 3565 1003 3647 sunt,
1024 3582 1125 3646 pauca
1142 3565 1218 3627 sunt
1235 3560 1385 3625 addenda

100 3657 244 3724 Primum
271 3658 397 3743 quidem
425 3679 536 3724 vocem
561 3659 691 3724 άὶοίαίοι·
710 3662 747 3723 ut
768 3679 826 3742 per
847 3679 965 3722 meram
988 3658 1266 3742 transcriptionem
1288 3654 1385 3742 vulgo

101 3750 221 3818 Graeca
248 3752 403 3818 redditam
430 3774 498 3818 esse
525 3753 606 3818 infra
629 3752 805 3834 docebitur,
832 3751 877 3817 ita
898 3773 955 3836 per
978 3753 1245 3837 comparationem
1268 3749 1385 3818 Graece

100 3852 282 3914 convertere
310 3849 415 3918 conati
442 3852 517 3913 sunt
543 3847 694 3932 Polybius
721 3851 753 3913 st
779 3846 947 3912 Diodoms.
990 3845 1075 3912 Nam
1102 3848 1188 3932 apud
1214 3851 1384 3931 utrumque
1448 3888 1455 3899 -

100 3947 134 4008 et
160 3944 338 4029 στρατηγὸς
364 3943 572 4028 αὐτοκράτωρ
599 3947 633 4009 et
658 3943 865 4052 αὐτοκράτωρ
891 3964 949 4027 pro
976 3943 1106 4008 άὶιίαίοτ
1136 3939 1385 4028 inveniuntur‘);

100 4091 311 4106 ᾖ

191 4179 217 4246 1)
235 4175 275 4232 De
296 4175 456 4231 muneribus
478 4175 626 4231 taruiarurn
644 4173 809 4231 Graecomm
827 4140 928 4230 aetatis
947 4170 1084 4227 infamaris
1102 4169 1138 4226 ot
1157 4169 1382 4226 subsanam.
1455 4126 1479 4136 .-

189 4257 217 4402 d}
234 4253 803 4388 {ffaffidfflddmmenitofflu
818 4328 1040 4386 ssvere-eso.
1068 4326 1250 4398 Magistratus
1264 4324 1362 4380 idern
1354 4343 1383 4381 ru

101 4407 213 4465 &meto
230 4409 445 4481 Agrigentornrn
462 4406 506 4464 m.
521 4408 583 4464 x1v
597 4415 648 4464 aba
667 4408 809 4479 reperitur.
897 4409 925 4478 t)
942 4405 982 4462 Cf.
1001 4405 1086 4461 Ditt
1099 4411 1151 4460 298
1170 4402 1382 4460 cremasse.

189 4486 261 4557 tls.
279 4485 307 4542 0.
330 4486 366 4542 de
389 4484 554 4557 Asclepiade
575 4490 605 4542 et
626 4487 708 4541 sociis
725 4485 769 4542 lu.
784 4484 844 4542 xlv
860 4490 954 4540 881-
964 4483 1029 4540 clu.
1044 4487 1127 4550 8818,
1149 4479 1226 4538 bc.
1245 4479 1383 4552 Aphrodi-

101 4563 180 4619 siade
196 4566 336 4635 repertum
355 4563 394 4619 Le
407 4562 463 4617 aa·
479 4563 518 4619 111
532 4569 609 4627 lest
627 4563 654 4619 8.
669 4562 697 4620 0
715 4561 791 4634 apud
808 4560 914 4634 loseptn
933 4560 971 4616 Al
987 4558 1051 4615 xlv
1063 4564 1123 4618 tls.

189 4644 217 4713 8)
233 4640 411 4710 αὐτοκράτορ
438 4639 586 4712 στρατηγός
611 4641 707 4711 Polyb.
729 4640 767 4695 111
789 4644 837 4708 88,
851 4645 880 4707 ts
902 4643 950 4706 88,
964 4643 988 4693 8.
1028 4633 1179 4708 στρατηγὼ
1204 4635 1382 4706 αότοιιράτορ

102 4716 214 4776 moda.
231 4718 294 4775 m
307 4723 351 4787 88,
364 4723 389 4774 8.
425 4718 602 4790 σὸτοειράιαρ
619 4719 715 4790 Polyb.
729 4717 823 4785 11188,
837 4723 867 4786 8η
886 4721 945 4784 108,
959 4721 988 4783 aa
1008 4713 1120 4772 Dlodor.
1134 4713 1186 4770 111
1199 4721 1241 4784 88,
1257 4720 1271 4772 1
1290 4715 1321 4771 et
1337 4710 1383 4782 tl..
