2976 5130
249 167 253 175 e

211 287 216 296 ι

193 453 237 521 32
625 452 667 509 De
683 469 779 509 vocum
795 451 1030 535 interpeetationa
1075 489 1077 491 ·

194 613 351 696 δεστότης
381 617 414 679 et
443 611 462 678 6
492 613 605 697 νόριος
621 642 662 666 =
681 612 837 695 όονοὶνινε,
871 634 952 696 quae
982 612 1136 678 vocabula
1166 613 1261 678 etiam
1292 634 1366 679 cnm
1397 613 1469 678 aliie

194 708 444 794 coniunguntur,
468 710 505 772 ut
531 708 685 791 δεσπότης
712 708 778 772 sive
803 707 822 773 6
848 708 961 792 κύριος
987 719 1045 792 τῆς
1066 707 1314 792 οἰκουμένηςε
1327 709 1471 792 dominas

193 807 353 886 marum,
374 801 392 868 6
414 811 474 887 γῆς
495 801 549 867 eat
570 803 738 886 θαλάσσης
759 803 963 886 δεσπότης
937 824 1005 869 sive
1026 803 1140 888 κόριος
1152 833 1194 858 =
1208 805 1351 871 dominus
1372 795 1470 870 terren

194 918 355 982 ηοντορντ,
376 901 409 963 et
430 897 501 963 alia

279 999 351 1067 Una
385 1022 456 1066 cum
487 1001 537 1066 hie
567 1000 728 1066 vocabulis
760 1000 1065 1067 commemorandum
1097 1006 1146 1067 set
1177 1003 1256 1068 illud
1286 1005 1470 1088 τρόκριτος,

165 1095 168 1099 ’
195 1095 278 1180 quod
301 1117 357 1180 pro
374 1097 519 1179 princepe
540 1119 558 1161 a
575 1095 681 1161 (laesio
704 1094 806 1160 Dione
828 1100 1014 1180 usurpatum
1038 1098 1255 1209 interpretatio
1275 1102 1325 1163 eet
1346 1119 1470 1183 praece·

195 1191 340 1256 dentibus
364 1191 484 1256 similis.
528 1190 610 1256 Nam
632 1190 716 1276 apud
739 1188 871 1255 Graecos
894 1194 1066 1277 ντρόνριτος
1082 1194 1206 1275 γείσιον
1227 1189 1470 1279 significabat¹),

195 1307 290 1370 quaro
316 1307 445 1371 prorsus
471 1290 555 1351 recte
580 1309 655 1351 neue
681 1290 731 1350 ost
758 1307 833 1350 voce
862 1283 988 1351 Caesius
1015 1285 1078 1352 Dio
1105 1309 1171 1354 non
1197 1287 1300 1353 solum
1328 1309 1392 1372 qua
1417 1307 1474 1372 ap

198 1380 328 1467 pallatio
363 1382 562 1466 imperatorie
591 1383 735 1463 princeps
766 1379 992 1469 redderetur'),
1027 1382 1082 1448 sed
1112 1383 1248 1449 etism
1238 1405 1273 1448 ιιι
1303 1381 1471 1450 locutioni·

195 1477 254 1541 bue
289 1478 462 1561 τρόκρττος
494 1486 550 1560 της
579 1478 751 1562 γερουσίας
781 1474 861 1563 (eive
891 1473 1092 1564 βουληθε-
1110 1479 1255 1562 princepe
1283 1482 1409 1543 senates
1438 1482 1471 1542 et

195 1573 367 1657 τρόκριτος
400 1580 458 1655 τῆς
491 1573 640 1654 νεότητος
674 1570 756 1658 (eive
790 1580 846 1654 τῆς
882 1570 1101 1659 ἱππόδος)ε-
1119 1594 1264 1656 praeceps
1297 1574 1471 1638 incastratae

194 1665 315 1755 Eodem
333 1688 426 1732 sensu
446 1666 655 1751 usurpabatur
671 1688 734 1732 vox
751 1666 887 1750 ἡγεμών,
905 1688 985 1751 quae
1003 1668 1037 1732 in
1050 1673 1255 1734 monumento
1268 1651 1471 1753 Αιιογτιιιιοὶ)

195 1767 228 1828 et
248 1763 355 1847 paucis
377 1762 448 1827 aliis
470 1762 581 1845 titulis,
602 1767 639 1826 ut
659 1761 791 1844 ridetur,
811 1782 870 1826 neo
891 1782 956 1826 non
978 1762 1061 1847 apud
1083 1764 1252 1848 scriptores
1273 1762 1472 1847 Strabonem,

194 1854 377 1942 Iosepbum,
402 1856 606 1922 Plutarchum
632 1879 690 1942 pro
710 1857 854 1939 princepe
875 1853 910 1943 (i
933 1878 958 1922 e
981 1855 1167 1945 imperator)
1189 1859 1471 1944 invenitur,et1n

194 1949 354 2033 locutione
381 1951 510 2035 ἡγεμὼν
540 1960 596 2034 τῆς
621 1952 771 2035 νεότητος
794 1948 878 2038 (eive
903 1949 1001 2038 νόον)
1020 1982 1062 2006 =
1076 1954 1220 2036 princepe
1245 1955 1412 2021 iuventutis
1437 1953 1471 2018 in

197 2049 401 2111 monumento
419 2043 618 2132 Ancyrano⁴)
636 2050 668 2110 et
684 2044 787 2111 titulis
804 2046 915 2111 aetatis
933 2045 1111 2134 Augustil).
1147 2047 1270 2126 Quibus
1292 2049 1469 2114 addendum

197 2147 245 2206 est
274 2140 462 2207 vocabulum
489 2141 642 2224 βασιλεύς
718 2142 894 2226 imperator,
925 2143 991 2207 sive
1016 2164 1075 2227 per
1104 2144 1373 2228 comparationem
1404 2144 1471 2210 sive

197 2257 273 2321 aper
285 2235 521 2303 translationem
537 2235 711 2301 adhibitum
725 2237 879 2320 estquod
893 2237 927 2301 in
940 2238 1041 2302 titulis
1055 2237 1194 2322 primum
1205 2242 1307 2304 aetate
1316 2237 1472 2303 Hadriani

195 2331 386 2419 repertum¹)
410 2331 604 2417 temporibm
627 2331 826 2396 inferioribus
847 2332 1101 2416 frequentissime
1122 2333 1271 2417 occurrit,
1298 2353 1372 2398 cum
1393 2355 1472 2415 nun·

196 2448 300 2512 qnam,
322 2417 406 2512 quod
424 2447 484 2514 ego
502 2426 628 2511 quidem
646 2427 751 2511 sciam,
772 2432 843 2492 ante
861 2432 995 2492 wtatem
1013 2426 1219 2512 Byzantinam
1237 2449 1297 2513 pro
1314 2426 1472 2494 vocabulo

196 2523 342 2589 sollemni
363 2521 524 2588 habeatur.

181 2710 184 2714 ι
281 2624 348 2691 Iam
375 2625 414 2691 ‹le
440 2625 570 2693 vocibus
597 2625 636 2691 ad
665 2648 714 2692 ree
743 2647 845 2692 eacme
874 2626 1105 2712 pertinentibus
1134 2627 1272 2693 breviter
1297 2633 1348 2694 eet
1376 2627 1472 2693 diess-

195 2721 336 2806 rendum,
353 2721 437 2807 quod
456 2744 561 2788 earum
575 2721 743 2787 nonnullae
755 2742 812 2807 per
823 2723 1060 2811 banelationem
1075 2723 1346 2807 convertebantur,
1365 2744 1472 2808 quam·

196 2839 291 2903 quam
317 2817 490 2903 permultae
517 2840 574 2903 per
599 2819 862 2909 comparationem
890 2818 929 2883 ds
957 2817 1084 2884 Graecis
1111 2839 1179 2883 esse
1206 2823 1349 2904 sumptae
1376 2841 1473 2904 eupra

196 2913 353 2978 monitum
366 2918 422 2979 eet
453 2912 563 2998 ltaque
575 2911 749 2978 locutiones
766 2913 948 2998 reperimus,
965 2913 1085 3001 quibus
1096 2914 1201 2978 conati
1215 2918 1289 2978 eunt
1302 2913 1472 2999 scriptores

198 3007 440 3094 appellationem
456 3010 597 3092 pestifer
613 3009 766 3074 maaimne
783 3008 991 3093 interpretari,
1012 3007 1030 3073 6
1047 3007 1199 3092 μέγιστος
1217 3009 1333 3094 ἱερεύς,
1351 3009 1472 3089 ἱρόν-

198 3127 289 3189 τιμος
312 3105 427 3188 ἱερεύς,
449 3104 468 3170 6
490 3105 551 3189 τὴν
570 3106 724 3189 μεγίστην
746 3104 929 3188 ἱερωσύνην
948 3099 1033 3187 ἔχων
1054 3104 1140 3188 apud
1156 3103 1344 3188 Diodorum,
1366 3103 1384 3170 6
1407 3102 1473 3170 τῶν

199 3197 312 3285 ἱερέων
333 3199 464 3285 ἔξαρχος
487 3199 569 3286 apud
591 3198 808 3283 Plutarchum,
832 3199 942 3284 ἄρχων
964 3200 1062 3284 ἱερῶν
1088 3198 1136 3286 (in
1163 3198 1265 3264 edicto
1293 3200 1473 3263 triumviro·

196 3316 265 3360 rum
284 3295 330 3360 rei
347 3295 493 3380 publicae
511 3291 797 3380 wastitumdae')),
817 3299 851 3360 et
868 3294 888 3360 6
905 3294 966 3378 τὴν
981 3295 1139 3378 μεγίστην
1152 3292 1319 3380 Ῥωμαίοις
1336 3294 1472 3380 ἱερωσό-

197 3413 261 3474 νην
287 3391 459 3476 ἱερώμενος
486 3389 569 3475 apud
590 3388 787 3475 Appianum,
816 3388 985 3475 δρχτερειὶς
1014 3400 1193 3475 γεφυρντος
1224 3389 1308 3475 οριιδ
1338 3387 1474 3474 Lydum,

161 3480 164 3483 ’
198 3506 262 3570 quo
284 3486 437 3551 adiectivo
460 3508 521 3551 vox
537 3487 677 3568 ροοίίίτσ
698 3485 971 3550 circumscribitur.
1007 3485 1097 3564 Aliae
1119 3484 1347 3571 appellationes
1370 3504 1474 3549 sacrae

198 3579 330 3646 totidem
353 3581 457 3646 serbis
479 3581 672 3666 interpretati
695 3585 769 3645 eunt
791 3579 968 3665 scriptores,
993 3581 1100 3667 ἱερεὺς
1120 3589 1181 3646 τοῦ
1203 3583 1284 3658 Διός
1360 3579 1480 3661 flameo'

199 3674 316 3760 Dialis,
339 3677 442 3761 ἱερεὺς
463 3685 524 3742 τοῦ
536 3675 658 3761 'Apros
724 3676 838 3758 γὶοοιεο
855 3675 1033 3760 Martialis,
1054 3679 1208 3760 βασιλεὺς
1229 3688 1297 3743 τῶν
1319 3677 1419 3761 ἱερῶν
1431 3704 1473 3728 =

198 3779 255 3836 m
273 3790 443 3856 moenem,
464 3772 611 3856 aliaeque
647 3769 725 3836 item
747 3791 881 3855 augures
904 3770 1105 3855 appellantur
1126 3772 1159 3836 οἱ
1181 3769 1235 3836 ἐστὶ
1252 3782 1319 3836 τῶν
1336 3772 1482 3863 olavus,

199 3867 251 3931 vel
275 3867 308 3932 οἱ
335 3865 383 3932 ἐπ’
409 3869 538 3944 clavate
565 3868 661 3952 ἱερεῖς
686 3868 736 3932 vel
761 3867 794 3931 οἱ
820 3867 951 3943 οἱοινοίς
976 3867 1222 3950 μαντευόμενοι,
1252 3871 1286 3930 et
1311 3867 1395 3932 sicut
1421 3886 1473 3931 eae

199 3961 426 4046 appellationes
452 3963 705 4048 magistratuum,
731 3983 863 4046 quorum
891 3959 1162 4046 designationibue
1189 3960 1385 4026 addebantur
1408 3981 1474 4025 mu·

198 4077 287 4139 nera,
314 4061 350 4121 nt
375 4057 471 4122 tiebat
496 4057 530 4121 in
557 4057 696 4143 collegiis
722 4056 886 4122 senatoriis
912 4055 1088 4119 minoribus
1115 4059 1148 4118 et
1169 4054 1360 4119 officialibus
1383 4055 1474 4120 aulae

200 4152 428 4236 imperatoriae,
449 4175 507 4237 per
528 4151 762 4218 translationem
785 4149 922 4216 redditae
944 4172 1011 4215 esee
1033 4171 1130 4234 supra
1151 4148 1297 4232 vidimus,
1318 4149 1365 4213 ita
1387 4171 1475 4236 repe·

199 4247 299 4313 rimus
326 4248 359 4313 in
384 4251 589 4313 monumento
611 4244 808 4334 Ancyrauo⁸)
835 4251 867 4310 et
892 4243 1053 4311 nonnullis
1080 4243 1183 4309 titulis
1205 4245 1318 4309 nau·
1340 4244 1475 4330 impera·

289 4485 684 4559 1)E.3.Demoetb.blxtb.
771 4483 925 4555 navus.
1018 4480 1474 4558 normanorum.

289 4566 317 4635 e)
333 4563 379 4620 or.
392 4563 443 4620 vn
457 4570 498 4621 ιε.
586 4569 613 4637 ι)
630 4563 674 4619 ιιι.
688 4563 737 4619 ιιι
750 4563 861 4632 s,1ees
878 4565 909 4619 ee
925 4577 1001 4633 seqq.

288 4645 316 4710 t)
332 4641 413 4712 Αροδ
431 4642 578 4713 scriptores
595 4642 659 4697 iude
676 4658 694 4698 a
709 4639 826 4712 losepbo
842 4644 871 4696 et
887 4638 1036 4696 Plutarcho
1052 4638 1133 4695 nobie
1150 4639 1276 4696 commit.

194 4781 200 4791 ‚
254 4782 255 4787 ρ
289 4722 315 4791 ἱ)
332 4719 414 4791 Αριιδ
431 4721 588 4792 Appianum
606 4720 657 4777 Bc.
671 4718 745 4777 lve.
833 4724 860 4790 8)
876 4717 924 4774 Gr.
937 4716 1025 4776 mo.
1143 4763 1152 4775 .
