2976 5130
156 487 197 562 18
569 495 610 550 De
627 495 780 550 officiorum
797 487 1011 566 comparatione

157 653 348 741 guebantur,
374 656 411 717 ut
431 652 583 719 ὑπατικοί
606 649 808 738 ίργαιρεσίαι
830 655 863 717 et
883 652 1025 736 ὖιιατιια)
1047 653 1240 737 ψηφοφορία
1254 683 1296 706 -
1284 648 1432 719 comita

153 750 338 832 οαιίααίαίσ,
364 747 583 834 ἀγορανομικὰ
609 747 798 835 ἀρχαιρέσια
811 779 853 802 ==
866 749 992 814 com-itia
1019 747 1144 842 ίήὺαία,
1173 748 1353 845 dppoepgsud
1374 745 1431 831 dp-

154 842 302 931 χαιρίσια
316 873 357 897 ==
371 844 529 909 concutiam
546 843 653 928 pletis.
846 876 850 898 τ

239 937 307 1004 lam
336 939 373 1004 de
400 940 527 1004 vocibus
550 938 741 1003 militaribus
764 938 979 1005 disserendum
1002 941 1064 1023 est,
1091 937 1176 1022 quod
1197 937 1432 1025 appellationes,

154 1035 269 1119 quibus
289 1032 463 1118 permultae
482 1031 598 1099 Graece
616 1033 887 1117 convertebantur,
910 1034 949 1098 de
967 1033 1131 1117 ordinibus
1149 1038 1182 1098 et
1198 1032 1329 1098 ducibus
1347 1053 1431 1098 exer·

154 1130 276 1195 citunm
298 1126 487 1195 Graecorum
510 1132 655 1213 sumptae
678 1134 765 1211 suut,
792 1132 828 1193 ut
849 1128 1040 1195 vocabulum
1062 1129 1271 1214 αὐτοκράτορ
1285 1158 1326 1181 =
1340 1128 1432 1209 impe

153 1229 239 1289 rotor
268 1224 352 1308 apud
379 1221 511 1289 Graecos
541 1229 647 1288 ortum
673 1246 743 1288 ease
769 1224 832 1288 iam
858 1224 982 1307 pridem
1009 1223 1110 1290 docui
1160 1223 1221 1289 Sed
1247 1223 1433 1308 petebantur

153 1319 232 1384 haec
253 1317 408 1383 vocabula
429 1323 465 1382 ut
482 1339 551 1383 raro
570 1318 611 1382 sb
629 1319 818 1383 exercitibus
836 1320 987 1403 antiquis,
1010 1316 1195 1383 Atheniensi
1213 1339 1251 1384 ac
1268 1317 1433 1412 Spartano,

156 1414 203 1477 its
224 1413 388 1497 sepissime
410 1434 430 1477 a
447 1412 665 1522 Macedonico,
691 1414 781 1478 cuius
803 1414 843 1477 ad
865 1415 1046 1499 exemplum
1068 1414 1222 1479 exercitus
1244 1435 1309 1478 nou
1318 1408 1433 1478 solum

157 1505 346 1573 Graecorum
369 1509 523 1593 omnium,
549 1509 605 1573 sed
627 1510 723 1574 etiam
746 1507 978 1595 Aegyptiorum
1000 1513 1103 1574 aetate
1125 1508 1270 1573 inferiore
1292 1508 1434 1572 institue-

156 1603 280 1669 bantur.
324 1602 427 1689 Magis
454 1559 551 1688 igitlrr
576 1608 625 1669 est
651 1604 827 1668 arnaudum
850 1625 960 1669 vocem
984 1602 1111 1688 φάλαγξ
1132 1603 1275 1686 ίοφὶοαοια
1296 1625 1360 1668 non
1382 1601 1434 1665 de·

157 1699 282 1788 signare
303 1697 365 1763 nisi
388 1699 471 1783 apud
494 1699 662 1784 scriptores
684 1700 797 1765 aetatis
820 1699 1041 1784 imperatoriae
1059 1700 1197 1782 mimae,
1218 1697 1433 1763 Herodianum

154 1797 187 1857 et
204 1792 336 1877 Lydum,
358 1797 391 1859 et
415 1794 448 1858 in
466 1792 635 1880 glossariis,
653 1815 726 1860 cum
744 1795 829 1880 apud
846 1799 968 1860 ceteros
987 1799 1188 1879 compareant
1204 1793 1434 1879 appellationes

154 1890 315 1974 generales
338 1890 571 1974 στρατόπεδον,
595 1891 717 1974 τάγμα,
738 1890 838 1968 τέλος.
881 1888 931 1954 De
956 1889 1093 1976 legionis
1120 1888 1262 1974 partibus
1289 1911 1362 1954 vero
1384 1908 1434 1952 res

154 2005 220 2049 non
241 1984 287 2048 ita
308 2005 342 2049 se
363 1982 468 2066 habet,
489 2005 562 2048 narn
585 1983 623 2049 de
641 1983 866 2051 Macedonibus
888 1988 1017 2070 sumpta
1038 1988 1113 2049 sunt
1134 1982 1288 2050 vocabula
1309 1994 1435 2068 σαείρα,

155 2081 292 2163 σημαία,
318 2080 427 2163 λόγος,
454 2084 521 2163 ίλη,
548 2079 665 2164 quibus
692 2079 938 2167 designabantur
964 2079 1090 2144 ordines
1113 2078 1272 2144 militares
1315 2077 1435 2156 Quibus

156 2173 422 2258 appellationibus
448 2194 523 2240 sans
549 2175 671 2241 diverse
697 2175 869 2242 utebantur
894 2174 1065 2259 scriptores
1086 2195 1190 2240 rerum
1211 2173 1435 2254 Romanarum,

156 2274 253 2354 prout
282 2269 481 2335 dividebatur
510 2271 594 2356 legio
626 2273 743 2355 quibus
774 2272 908 2355 quiaque
936 2269 1066 2336 virebat
1091 2270 1299 2354 temporibus,
1328 2290 1435 2354 quam·

155 2385 250 2448 quam
276 2365 361 2450 apud
382 2363 570 2435 Macedones
597 2367 726 2450 quidem
753 2370 856 2432 certus
884 2370 918 2431 et
939 2371 1088 2432 constans
1110 2387 1184 2430 usus
1206 2370 1282 2432 erat
1324 2363 1442 2448 ltaque

154 2460 343 2526 vocabulum
374 2469 489 2544 σαείρα
519 2483 538 2525 a
568 2460 705 2546 Polybio
735 2483 794 2547 pro
825 2461 1019 2547 monstratus,
1053 2483 1073 2526 a
1102 2461 1308 2547 scriptoribus
1338 2465 1370 2527 et
1401 2459 1436 2522 in

155 2553 257 2620 titulis
287 2555 401 2621 utatis
432 2556 589 2622 inferioris
620 2560 727 2622 autem
755 2578 814 2642 pro
840 2557 944 2623 cotors
970 2553 1226 2643 usurpabatur¹),
1257 2560 1290 2622 et
1317 2559 1368 2640 ίίη
1395 2552 1435 2618 ab

154 2649 212 2714 illo
239 2672 298 2735 pro
325 2656 441 2735 ίιιαηιο,
467 2649 507 2716 sb
532 2652 583 2716 his
610 2674 669 2737 pro
693 2651 762 2736 ala,
786 2655 882 2736 prout
904 2657 1038 2736 utraque
1060 2656 1162 2718 aetate
1182 2651 1304 2737 pedites
1325 2655 1381 2716 sut
1396 2649 1436 2713 'in

155 2747 335 2830 manipulos
358 2750 415 2811 aut
436 2747 470 2811 in
491 2746 651 2831 cobortes,
678 2748 800 2832 equites
822 2752 878 2813 sut
900 2747 934 2813 in
957 2752 1078 2812 turmas
1101 2752 1156 2813 sut
1176 2749 1217 2813 in
1232 2746 1298 2812 alas
1319 2744 1436 2812 divido·

155 2840 278 2906 bantur.
323 2841 410 2919 Quae
436 2842 590 2909 vocabula
611 2842 765 2928 Polybius
787 2844 825 2909 de
847 2843 1103 2910 institutionibus
1124 2842 1315 2908 militaribus
1336 2839 1436 2906 Mace

155 2936 276 3001 donicis
297 2938 410 3002 aetatis
433 2959 507 3003 suae
529 2940 678 3024 sumpsit,
699 2961 774 3004 nam
792 2937 930 3023 phalanx
948 2937 1152 3004 Macedonica
1169 2959 1208 3003 ax
1225 2937 1329 3023 spiris,
1350 2935 1437 3021 eqni·

156 3035 241 3096 tatus
268 3053 307 3097 ex
333 3033 385 3098 ilis
411 3037 479 3098 tum
506 3032 804 3122 constituebatur¹),
830 3056 966 3118 quorum
989 3034 1024 3098 in
1045 3037 1179 3117 utroque
1201 3032 1310 3111 ordine
1331 3035 1436 3097 certus

154 3125 318 3191 hominum
341 3150 490 3193 numerus
512 3129 743 3215 continebatur,
764 3151 836 3198 cum
859 3131 894 3195 in
915 3129 1010 3195 rebus
1028 3128 1179 3194 Romanis
1199 3137 1316 3214 σπεῖρα
1332 3131 1365 3193 et
1383 3130 1435 3208 ίλη

155 3222 293 3306 primum
320 3244 379 3308 pro
405 3224 584 3307 manipulus
610 3229 643 3290 et
669 3231 785 3308 ίιιααιο,
816 3223 928 3290 deinde
954 3224 1005 3289 bis
1032 3223 1195 3290 ordinibus
1221 3221 1353 3288 exoletis
1377 3240 1435 3307 pro

156 3316 260 3382 cohors
282 3322 315 3383 et
335 3318 390 3383 alo
411 3319 445 3383 in
462 3342 522 3383 usu
540 3324 637 3385 erant
673 3318 737 3385 Sed
753 3319 839 3385 haud
856 3324 1002 3387 accurrate
1020 3341 1096 3384 usus
1114 3323 1162 3384 est
1177 3316 1330 3402 Polybius
1347 3336 1436 3382 voca·

155 3409 254 3497 bulis3
280 3435 354 3478 nam
379 3417 504 3498 praeter
529 3413 759 3499 appellationes
786 3425 901 3500 σαιίρα
923 3420 956 3481 et
979 3417 1238 3500 {tacompsrent
1258 3412 1342 3498 apud
1364 3433 1435 3478 eum

155 3527 214 3591 pro
245 3509 424 3592 ιαοαίμαίιιο
454 3513 487 3574 et
515 3515 619 3575 aena
649 3510 746 3576 etiam
775 3513 896 3595 σημαία
922 3515 956 3576 et
981 3510 1138 3596 οὐλαμός,
1167 3508 1222 3592 qui
1249 3508 1374 3574 ordines
1400 3510 1438 3571 ut

156 3601 241 3686 apud
262 3601 448 3669 Macedones
470 3604 677 3690 exsistebant,
699 3607 745 3671 its
766 3628 784 3671 s
806 3606 964 3673 militibus
986 3612 1051 3672 tam
1074 3606 1181 3691 paucis
1203 3603 1436 3669 constitueban-

104 3702 105 3705 ’
156 3700 221 3780 tur,
247 3703 284 3762 ut
306 3721 418 3764 manus
440 3699 601 3785 minimae,
623 3702 723 3766 alters
743 3701 900 3787 peditum,
922 3704 1023 3768 alters
1043 3703 1184 3787 equitum
1206 3697 1349 3786 essent¹).
1393 3696 1451 3779 Mt,

156 3790 258 3856 nibilo
280 3795 456 3860 accuratius
477 3795 526 3859 usi
549 3801 624 3860 sunt
646 3798 815 3881 scriptores
838 3797 994 3863 vocabulo
1017 3800 1120 3883 λόγος.
1158 3794 1243 3873 Quae
1266 3792 1436 3880 appellatio

157 3907 232 3952 sane
258 3887 342 3972 apud
365 3886 498 3956 Graecos
521 3912 647 3975 quoque
668 3890 755 3956 haud
777 3895 862 3982 certa
883 3895 965 3975 erat,
993 3914 1067 3957 nam
1090 3914 1160 3958 cum
1183 3889 1268 3975 apud
1288 3888 1396 3972 antiqu

74 4028 77 4034 -
157 3981 299 4049 ordinem
318 3983 487 4049 militarem
505 3987 678 4051 maximum
698 3987 885 4072 designaret,
907 3991 944 4050 ut
962 3987 996 4051 in
1014 3986 1203 4051 exercitibus
1220 3985 1316 4051 variis
1332 3983 1437 4049 suriae

158 4078 384 4164 magnitudinis
407 4084 489 4144 esset
509 4078 662 4168 lochus⁴),
685 4083 720 4146 in
742 4083 842 4166 copiis
864 4080 1065 4146 mercenariis
1089 4079 1328 4145 Atheniensium
1351 4083 1384 4144 et
1403 4077 1436 4141 in
1467 4077 1469 4083 ²

158 4173 296 4240 exercitu
314 4172 516 4240 Macedonico
534 4176 683 4242 minimus
702 4175 780 4242 ordo
799 4181 865 4242 erat
881 4174 1005 4256 lochus,
1022 4175 1077 4260 qui
1094 4174 1238 4241 homines
1256 4169 1438 4241 continebat

161 4337 370 4353 ῃ

246 4442 272 4508 ι)
289 4438 460 4509 Msrqusrdt,
478 4439 745 4511 Stastsssxssaltung
761 4441 786 4497 11
800 4446 859 4499 444.

246 4520 273 4585 t)
291 4516 331 4572 ct.
350 4517 449 4586 Bauer,
466 4516 573 4574 (insci.
592 4518 854 4590 Krisgssltertumer
870 4524 922 4575 444
941 4521 972 4576 st
988 4519 1052 4576 sds.
1066 4524 1091 4575 4.
1104 4522 1164 4575 444.

247 4597 274 4663 4)
291 4592 332 4650 Oi.
350 4595 388 4649 id.
407 4594 444 4649 ib.
481 4594 547 4651 Cum
569 4597 623 4652 hae
640 4596 749 4651 Mensis
766 4596 963 4653 contermdum
981 4601 1025 4655 est
1041 4597 1072 4652 id
1088 4596 1163 4667 quod
1180 4593 1256 4664 apud
1274 4593 1437 4650 Strabonem

158 4667 244 4739 <svn
258 4674 319 4741 444)
341 4688 391 4743 pro
413 4672 459 4727 als
481 4678 623 4745 comparet
644 4671 794 4745 lusani«,
815 4675 864 4746 qut
885 4673 955 4730 crdo
973 4679 1004 4732 st
1020 4675 1079 4747 ipss
1097 4670 1291 4729 Macedonicus
1308 4673 1369 4728 erat
1387 4672 1437 4728 ssd
1465 4726 1469 4733 .

158 4747 246 4804 multo
264 4750 353 4804 maier
369 4764 453 4819 quam
471 4749 522 4822 aq.
611 4755 639 4824 4)
655 4750 696 4806 Gt.
716 4750 806 4806 Bauer
823 4756 875 4808 414
892 4753 922 4808 st
939 4751 1005 4809 adn.
1021 4760 1044 4810 1.
1063 4757 1114 4808 444
1132 4750 1194 4808 sea
1209 4752 1234 4803 a
1319 4782 1327 4794 ·
