3060 5460
126 755 149 822 6
460 775 465 783 ·
534 754 578 810 De
594 752 745 811 ofidorum
764 754 977 826 eompmtom

122 919 210 982 orlaa
230 918 315 994 suut,
335 914 436 1000 prima
455 912 495 979 (le
511 911 646 1001 Magnae
664 911 811 979 Gnatiae
829 912 1011 979 oiviuebu·
1028 917 1165 999 sumpta,
1183 914 1297 1000 altera,
1313 936 1393 998 quae

123 1012 158 1076 iu
182 1009 273 1076 rebus
298 1009 433 1096 publieis
461 1005 588 1074 erue·
614 1008 760 1075 omnibus
785 1007 1010 1093 usurpabatur,
1031 1008 1201 1094 appellatio
1230 1008 1395 1095 generalis,

124 1106 217 1172 tertia
237 1104 319 1190 apud
339 1105 472 1190 populos
494 1102 631 1189 aliquos,
652 1102 808 1188 imprimis
830 1107 868 1167 ut
888 1102 1013 1170 ridetur
1032 1101 1176 1170 Aobaeos
1198 1108 1232 1170 et
1253 1102 1395 1190 Aetolos,
1440 1118 1447 1145 '=

124 1204 253 1287 reperta
296 1198 357 1265 Sed
374 1222 414 1265 ex
429 1198 481 1264 his
498 1198 761 1284 appellatiombus
782 1198 963 1283 σύγκλητος
984 1197 1053 1264 sola
1074 1199 1107 1263 iu
1134 1221 1312 1266 sermonem
1338 1222 1395 1285 pu·

123 1295 239 1362 blioum
259 1298 384 1380 raeepta
403 1298 459 1360 sat

207 1387 273 1455 Iam
294 1390 468 1455 looutioues
490 1391 661 1455 traetemus
679 1410 750 1454 eum
768 1391 897 1453 senatus
914 1387 1178 1474 appellationibus
1203 1391 1394 1477 oompoaitaa

124 1484 256 1570 indeque
276 1483 443 1568 derivatus,
464 1505 545 1569 quae
568 1483 603 1548 in
625 1482 750 1549 (lraeois
768 1483 872 1549 titulis
890 1487 922 1549 ot
938 1482 1029 1548 libris
1046 1489 1236 1570 oomparent
1271 1485 1394 1570 Nempe

123 1584 161 1645 ut
179 1584 299 1645 mutes
319 1601 377 1664 por
397 1599 504 1645 rorem
527 1579 707 1662 σύγκλητος
728 1579 981 1663 oonsertebatur,
1009 1579 1054 1644 ita
1077 1585 1201 1648 aarum
1225 1581 1395 1648 ooneultum
1486 1644 1492 1666 ,
1517 1645 1519 1648 ,

124 1705 166 1729 =
184 1674 286 1758 eom
307 1676 489 1759 συγκλήτου
509 1675 678 1759 reperitur,
700 1695 779 1758 quae
800 1673 922 1739 locutio
940 1673 1076 1758 primum
1094 1677 1231 1742 oeeurrit
1248 1677 1282 1742 in
1299 1675 1412 1742 titulo·

123 1791 169 1836 oa
185 1769 331 1855 5641190
351 1766 512 1857 soaipto¹),
538 1791 559 1833 a
585 1790 648 1853 quo
675 1772 816 1853 tempore
839 1791 939 1854 usque
964 1769 1185 1837 alsaeeulum
1208 1773 1339 1838 tortium
1360 1773 1394 1838 in

123 1865 226 1931 titulis
250 1870 345 1950 atque
370 1863 453 1949 apud
477 1865 647 1950 scriptores
674 1885 766 1949 saepe
791 1864 960 1929 iuvenitur.
1004 1864 1320 1933 commemorandum
1347 1872 1396 1933 est
1482 1872 1483 1876 ’

123 1960 217 2026 etiam
244 1959 429 2026 rooabulum
457 1961 683 2044 συγκλητικός,
709 1979 772 2043 quo
799 1957 1023 2046 designabatur
1048 1964 1080 2026 et
1104 1967 1227 2028 amator
1252 1967 1285 2028 et
1309 1982 1396 2029 soro·

124 2056 231 2140 urias,
260 2077 340 2141 quae
369 2055 470 2140 prima
499 2054 688 2141 signiflomio
720 2076 812 2139 saepe
849 2054 933 2139 apud
967 2055 1135 2141 seriptores
1170 2061 1204 2122 et
1234 2057 1268 2122 in
1301 2058 1395 2124 titulo

124 2149 259 2236 quolam
279 2151 355 2216 anui
375 2148 470 2235 204¹)
493 2153 667 2235 eomparet,
688 2151 786 2215 altera
803 2171 877 2215 oum
895 2148 979 2236 apud
1000 2151 1169 2236 scriptores
1189 2152 1308 2237 passim
1327 2156 1396 2217 tum
1460 2141 1465 2151 ’

123 2246 158 2311 in
178 2246 278 2312 titulis
304 2246 415 2312 aetatis
440 2245 659 2330 imperatorias
681 2245 853 2329 inferioris,
879 2267 1068 2330 quamquam
1090 2247 1396 2334 consanguinitatem

124 2338 176 2405 vel
204 2341 387 2405 affinitatem
416 2340 476 2405 riri
502 2340 622 2406 ordinis
651 2340 801 2406 senatorii
833 2341 1012 2426 ostendere,
1041 2341 1125 2424 quod
1156 2363 1251 2428 saepe
1276 2343 1315 2407 tlt
1340 2340 1397 2408 illo

124 2434 289 2519 rooabulo,
320 2432 506 2501 Graeoorum
537 2435 640 2522 ωοςὶι
669 2457 764 2520 quam
794 2435 1011 2501 Romanorum
1043 2440 1104 2521 est,
1134 2440 1171 2502 ut
1198 2435 1262 2503 iam
1289 2437 1398 2503 ‹loouit

123 2527 338 2618 llommseu')

211 2623 272 2690 Sal
292 2624 512 2691 usitatissimae
533 2609 625 2692 eraut
644 2625 820 2692 looutionos
844 2647 969 2710 quoque
987 2626 1026 2693 de
1043 2626 1098 2693 illo
1117 2625 1272 2692 rooabulo
1292 2628 1399 2711 βουλή

127 2719 296 2804 derintae,
316 2725 353 2786 ut
372 2722 547 2805 βοολστπής
569 2725 604 2787 et
623 2722 792 2804 βουλεύων
811 2751 854 2775 -
872 2727 993 2786 motor
1015 2726 1049 2788 et
1063 2725 1277 2805 βουλευτικός
1294 2752 1336 2776 -
1354 2742 1397 2788 ee
1428 2743 1434 2750 ·

124 2816 271 2899 subdar,
292 2837 370 2900 quae
390 2815 617 2901 appellationes
633 2820 666 2881 st
683 2838 741 2901 per
756 2839 790 2882 ae
807 2816 931 2902 positae
948 2821 981 2882 st
999 2838 1069 2882 oum
1087 2817 1159 2883 aliis
1176 2817 1307 2883 roeibus
1325 2839 1398 2883 oon·

124 2911 248 2977 inustae
268 2910 350 2996 apud
371 2932 479 2977 omnes
500 2911 670 2998 seriptores
687 2913 896 2996 reperiuntur.
939 2910 984 2977 Et
1000 2913 1100 2996 qualis
1119 2915 1308 2997 βουλευτής,
1325 2913 1398 2977 talia

124 3004 293 3093 appellatio
314 3007 483 3092 σύνεδρος,
509 3029 591 3092 quae
616 3007 769 3073 vocabulo
795 3005 972 3094 συνέδριον
998 3007 1178 3091 respondet,
1204 3011 1238 3073 et
1264 3007 1298 3073 in
1323 3008 1399 3073 oiri·
1426 3077 1434 3085 ‚

125 3102 243 3168 tatibus
268 3099 392 3168 Graecia
419 3103 545 3168 eratin
571 3100 677 3189 usu‘)‚
702 3124 761 3186 pro
790 3107 914 3169 eoeotor
944 3101 1028 3186 apud
1048 3101 1238 3186 Dionysium
1265 3124 1302 3168 ao
1323 3102 1399 3169 Dio-

125 3198 237 3264 dorum
259 3197 422 3263 inrsmtur.
457 3197 603 3283 Denique
624 3199 681 3263 liat
702 3198 820 3263 mentio
844 3197 1091 3282 appellationum
1114 3198 1257 3282 duarum,
1283 3187 1399 3284 quibus

125 3296 249 3380 praeter
274 3293 351 3359 alias
375 3298 495 3359 senator
515 3291 632 3360 (lraeoe
654 3292 909 3377 eonvertebatur,
929 3295 1112 3378 πρόβουλος
1133 3292 1173 3358 ab
1195 3291 1345 3379 Appiano
1367 3300 1400 3360 et

125 3389 309 3474 stippentur
334 3388 373 3454 ab
399 3388 508 3454 solem
535 3388 689 3473 scriptore
715 3392 747 3453 et
772 3387 942 3472 Dionysio,
973 3388 1087 3472 quibua
1116 3388 1280 3454 voeabulia
1306 3404 1410 3473 saepe*

126 3482 210 3569 apud
239 3481 371 3550 (ineoos
405 3477 650 3570 designabantur
679 3484 717 3568 ii,
747 3485 801 3568 qui
832 3487 923 3550 mant
957 3484 991 3548 in
1025 3483 1158 3549 coneilio
1193 3505 1319 3550 summo
1354 3485 1400 3550 rei
1494 3498 1496 3502 ‘

212 3672 290 3740 cem
308 3679 415 3741 senatu
433 3674 621 3741 ooniunotus
637 3675 670 3740 in
688 3674 902 3741 monumentis
919 3675 1058 3759 antiquis
1070 3674 1223 3754 Romanis
1238 3680 1401 3760 comparet
1496 3753 1505 3760 .

127 3771 326 3858 mag'stratus
346 3792 486 3836 summus
508 3770 635 3857 populi,
655 3770 721 3836 sire
737 3776 866 3854 proetor
886 3769 953 3835 aive
969 3770 1084 3855 ooaael,
1106 3770 1207 3854 isqui
1225 3769 1401 3855 antiquitus

119 3871 246 3950 μσιλστ
269 3867 422 3931 munim
446 3864 710 3952 appellabatur‘),
736 3862 769 3931 st'
794 3865 955 3950 quomodo
983 3865 1170 3931 vocabulum
1191 3871 1329 3949 mooe,
1355 3865 1401 3930 aio

126 3960 294 4046 appellatio
318 3960 413 4026 buius
438 3961 642 4048 mag'stratus
667 3982 740 4027 eum
767 3960 886 4027 (lraoeo
913 3960 1010 4026 simili
1036 3960 1172 4046 quodam
1199 3960 1400 4045 mouebatur.

127 4053 208 4121 Oum
228 4055 310 4121 mim
336 4054 446 4122 oonaul
470 4056 647 4140 antiquitus
667 4061 792 4138 praetor
817 4054 1043 4142 appellaretur,
1069 4059 1101 4120 et
1126 4058 1257 4141 praetor
1280 4059 1401 4140 bmpo

126 4149 215 4216 ribus
231 4149 427 4216 inferioribus
444 4171 502 4235 pro
520 4149 645 4236 eollega
659 4151 797 4216 oonsulis
815 4151 938 4217 minore
950 4149 1126 4233 haberetur,
1138 4149 1173 4215 iu
1185 4150 1401 4216 monumentis
1470 4192 1476 4203 ·

128 4245 261 4310 vetustis
287 4266 350 4310 una
379 4246 548 4329 eadamque
580 4245 749 4330 appellatio
779 4246 949 4332 reperitur,
984 4267 1047 4330 qua
1076 4243 1339 4310 oonrertebantur
1369 4251 1402 4311 et

126 4341 230 4407 mut
259 4345 291 4406 et
311 4347 446 4425 ρτστλοτ,
465 4345 540 4406 ‘non
570 4339 634 4406 uisi
665 4341 747 4407 inter
770 4345 945 4425 ρτατλοτσκ
974 4341 1143 4406 monim
1173 4343 1207 4404 st
1228 4344 1401 4423 prodeo»

126 4436 326 4502 distiaotioue
356 4440 545 4503 oonserrata
600 4434 731 4502 Ρτσσλοτ
760 4437 845 4502 euim
877 4434 1030 4502 voeabulo
1060 4437 1251 4520 στρατηγός,
1277 4440 1402 4518 praetor
1477 4429 1481 4434 ’

126 4530 281 4598 aeduae
304 4528 434 4619 (aaut)
464 4531 644 4618 στρατηγὸς
669 4531 791 4610 ὕπατος
816 4528 1033 4617 respoudet'),
1062 4552 1143 4616 quae
1172 4529 1402 4616 appellationes

215 4720 242 4790 a)
257 4717 344 4774 lusa
361 4718 453 4792 uaga
471 4717 577 4788 aaut
596 4744 629 4766 -
646 4717 801 4777 moveas
909 4720 938 4790 a)
954 4716 1018 4775 clu
1032 4716 1070 4774 111
1084 4718 1183 4773 sams·
1195 4743 1229 4766 -
1245 4717 1329 4774 nitu
1341 4723 1401 4774 aas

214 4795 556 4866 uelamaraaane.
644 4795 913 4868 switbertum

214 4870 1402 4947 a)·06a··aoaaetrlae.ossbersnae;coriuaattanso;careataeluneosa

126 4950 433 5023 &emitum
476 4950 941 5026 amnemamnem
1046 4949 1402 5023 e)ltomna8tRlltt.

217 5025 1404 5103 netummnrumna,quaoaaeaaaeuloav.uquae,qaa
