3060 5460
623 738 665 794 De
682 723 779 794 socam
795 724 1029 809 interpretatione
1424 743 1468 810 26

98 896 107 979 ἶ
198 887 279 965 assat
301 919 422 983 prorem
447 896 612 985 Appianas
639 897 826 964 vocabulum
851 897 1065 964 locutionibus
1087 897 1107 965 1
1129 900 1327 984 καλούμενος
1345 901 1469 985 μεταξὺ

103 1006 109 1084 ᾗ
197 995 348 1079 βασιλεύς
368 999 400 1058 at
421 994 438 1059 d
460 994 497 1059 ἐν
517 994 636 1082 τοσῷδε
657 993 811 1077 βασιλεύς
831 992 1032 1085 interpretari
1054 997 1185 1059 conatus
1205 993 1292 1082 ast¹)

99 1089 109 1167 t
244 1101 245 1105 ’
283 1087 345 1154 Sed
379 1111 414 1154 ea
448 1089 577 1154 nomina
611 1109 750 1172 quoque,
786 1108 866 1170 quae
899 1089 996 1173 vulgo
1026 1111 1084 1173 per
1114 1091 1379 1174 comparationem
1413 1097 1469 1159 aut

198 1184 465 1266 transcriptionem
502 1183 617 1249 Graece
656 1181 877 1264 reddebantur,
913 1203 971 1267 per
1009 1184 1256 1272 translationem¹
1282 1191 1468 1254 convertere

103 1270 107 1342 Ῐ
199 1281 301 1367 conati
324 1283 396 1343 sunt
418 1279 585 1362 scriptores
607 1277 744 1362 quidam.
778 1276 890 1360 ltaque
911 1276 1101 1343 vocabulum
1118 1281 1220 1345 conset
1236 1281 1469 1349 transferebant

102 1410 106 1435 :
198 1374 368 1458 Dionysius
394 1377 425 1439 et
447 1372 633 1439 Plutarchus
659 1372 789 1438 vocibus
816 1372 1001 1455 σύμβουλος
1028 1377 1061 1438 et
1081 1377 1263 1459 πρόβουλος
1283 1399 1341 1462 per
1359 1377 1468 1443 analo·
1496 1395 1499 1400 ·

99 1452 107 1467 ’
199 1470 282 1556 giam
308 1468 465 1533 massaliam
478 1501 519 1522 ==
533 1471 702 1554 συμβουλή
728 1468 794 1532 sive
818 1466 1066 1554 συμβούλιον)
1092 1473 1126 1534 et
1151 1490 1207 1554 pro
1232 1471 1359 1538 dictator
1379 1495 1469 1559 repa·

199 1566 278 1628 ritur
295 1563 328 1627 in
342 1562 437 1627 Cassii
452 1564 564 1629 Dionis
582 1563 717 1647 quodam
735 1560 944 1649 fragmento')
962 1565 1143 1647 εἰσηγητής,
1159 1585 1237 1647 quae
1255 1587 1317 1631 vox
1333 1567 1469 1635 fartam
1488 1648 1494 1659 ,

199 1658 367 1724 secundum
398 1658 622 1744 etymologiam
648 1659 810 1741 antiquam
837 1657 1000 1723 dictatoris
1027 1680 1066 1723 ex
1092 1659 1253 1726 vocabulis
1278 1662 1411 1728 edictam
1436 1666 1469 1729 et

198 1756 308 1819 edicere
329 1756 398 1818 orta
419 1758 475 1838 est,
497 1757 534 1818 ut
554 1753 679 1818 monuit
699 1750 915 1840 Mommsen4).
943 1751 1058 1839 ¹Iiltiam
1083 1755 1370 1822 commemorandae
1393 1763 1469 1824 aunt

199 1849 467 1932 interpretationes
490 1846 678 1932 ἐπιμελητὴς
703 1849 799 1932 ἱερῶν
819 1850 929 1914 τόπων
946 1878 988 1901 =
1007 1849 1119 1914 66616116
1140 1849 1221 1934 apud
1238 1849 1470 1940 Dionysium&

102 1940 108 2027 3
199 1942 331 2026 ἐρεονάς
348 1964 384 2007 ac
402 1947 533 2027 ζητητής
545 1974 587 1996 =
600 1949 739 2025 quaestor
755 1941 838 2026 apud
851 1940 1008 2030 Lydum‘)
1026 1943 1085 2009 et'
1076 1965 1112 2008 m
1124 1944 1275 2030 glossario
1288 1945 1470 2036 66616661),

76 2119 77 2123 ¹
103 2032 108 2065 ³
200 2060 278 2122 quae
300 2059 390 2103 voces
412 2039 450 2103 de
472 2038 575 2104 sarbia
594 2036 821 2124 temporalibus
839 2037 977 2123 ἐρευνᾶν
993 2058 1031 2104 ac
1048 2042 1154 2123 ζητεῖν
1171 2037 1296 2126 (batim
1312 2041 1471 2188 36666666)

101 2152 108 2221 5
199 2133 353 2198 derivatae
375 2138 455 2199 aunt

104 2248 108 2257 ·
284 2226 519 2313 Appellationss
554 2228 593 2294 ad
624 2231 767 2294 sanatum
798 2233 1020 2313 senatoresque
1050 2229 1241 2314 pertinentes
1272 2252 1381 2299 omnes
1415 2256 1473 2319 per

199 2324 460 2407 comparationem
479 2321 593 2390 Graece
614 2324 752 2389 redditas
774 2346 841 2390 essa
863 2347 959 2409 supra
980 2323 1246 2410 vidimus3nnam
1270 2326 1365 2393 modo
1381 2325 1473 2396 loca·

100 2481 105 2491 ,
200 2419 331 2502 tionem,
354 2425 459 2501 potres
484 2421 658 2504 wrocipti,
685 2421 913 2485 transtulerrmt
938 2418 1123 2504 scriptores,
1149 2419 1334 2488 Plutarchus
1359 2429 1473 2490 exacta
1506 2429 1508 2433 ’

100 2504 105 2581 ᾗ
199 2514 348 2578 vocabulo
374 2512 507 2599 πατέρες
529 2513 837 2601 σογγεγραμμὲνοιῆ
859 2513 937 2602 (qua
959 2535 1036 2581 voca
1058 2514 1336 2601 συγχεχραμρέαοι
1359 2516 1473 2602 Lydus

94 2600 103 2681 ’ζ
200 2613 235 2674 ut
269 2613 424 2674 senatores
460 2603 511 2675 de¹
529 2609 654 2675 Sabinis
685 2609 854 2695 conscripti
885 2611 1089 2697 designentur
1119 2632 1280 2697 perperam
1311 2611 1474 2702 uturp),

98 2731 104 2798 ';
199 2704 368 2788 Dionysius
390 2706 493 2770 minua
515 2710 658 2771 accurate
679 2706 837 2771 locutione
859 2704 992 2789 πατέρες
1014 2704 1226 2794 ἔγγραφοεῆ
1326 2728 1330 2735 ·

95 2850 99 2861 .
283 2798 462 2885 Appellatio
485 2802 560 2884 alia,
587 2806 737 2885 quaeest
757 2803 858 2867 multo
885 2801 1013 2866 maioris
1040 2801 1191 2866 momenti
1216 2805 1474 2872 commentia

80 2909 100 2985 ,ζ
200 2901 232 2961 at
254 2895 375 2980 saepius
396 2897 562 2981 reperitur,
588 2901 638 2961 ast
659 2899 810 2981 ἔπαρχος,
834 2919 897 2981 qua
919 2894 1030 2962 Graeci
1050 2917 1168 2962 noman
1181 2901 1353 2981 praefectae
1372 2899 1475 2968 intas

84 3020 99 3066 :;
199 2991 406 3076 pretabantur.
455 2990 555 3068 Quam
586 3013 694 3057 vocem
725 3014 782 3077 per
812 2990 1049 3078 translationem
1081 2998 1182 3058 ortam
1212 3015 1280 3060 asse
1308 2995 1391 3062 mibi
1424 3003 1476 3064 666

93 3076 99 3175 J
200 3085 379 3172 verisimile,
405 3086 479 3171 quia
505 3086 654 3173 ἐπάρχειν
676 3088 771 3154 verbo
787 3108 927 3172 precene
947 3087 1131 3173 respondet,
1156 3093 1188 3154 at
1207 3110 1361 3174 nusquam
1384 3093 1475 3178 apud

94 3181 97 3188 ’
201 3180 347 3266 Graecos,
378 3188 528 3266 quantum
560 3204 619 3268 ego
651 3183 776 3267 quidem
808 3184 888 3267 scio,
917 3182 1051 3251 habetur
1080 3186 1217 3269 ἔπαρχος
1244 3204 1302 3270 pro
1330 3189 1474 3272 appella-

90 3342 96 3349 ,
202 3277 286 3342 tione
308 3277 450 3342 sollemni
472 3279 538 3343 sive
567 3278 769 3364 magistratus
795 3280 861 3344 sive
887 3278 975 3343 ducis
1002 3276 1207 3366 militaris¹¹),
1232 3299 1302 3345 cnm
1328 3285 1363 3346 et
1382 3285 1474 3368 apud

93 3369 96 3377 ’
203 3373 367 3456 scriptores
389 3395 492 3438 rerum
510 3373 722 3461 Romanarum
745 3380 777 3439 et
798 3375 830 3439 in
849 3373 952 3440 titulis
969 3375 1165 3460 praefectum
1182 3373 1343 3460 designare
1360 3376 1474 3445 soleat

88 3538 93 3549 Δ
200 3464 293 3551 Apud
320 3466 486 3552 Polybium
512 3491 576 3534 non
602 3469 664 3534 nisi
691 3469 787 3535 semel
813 3473 975 3555 comparet
1000 3467 1212 3557 inapzocff),
1227 3491 1291 3556 qno
1314 3471 1403 3556 loco,
1436 3479 1475 3541 ut

87 3632 92 3653 .
200 3563 343 3648 ancipitis
371 3569 419 3629 eat
445 3565 698 3650 significationis,
729 3570 834 3631 tamen
855 3567 1043 3648 1661661666
1067 3566 1195 3649 saeiam,
1224 3565 1280 3650 qui
1304 3566 1369 3633 alio
1395 3566 1473 3636 loco

86 3656 93 3741 ᾗ
199 3660 392 3742 κροίφεκτος
423 3659 612 3745 appellatur,
642 3660 805 3746 designare
836 3661 968 3725 videtur.
1013 3659 1093 3725 Post
1123 3680 1193 3726 eum
1219 3664 1323 3726 autem
1349 3662 1475 3750 ubique

82 3746 94 3780 ”
202 3755 355 3838 reperitur
385 3753 571 3820 vocabulum
602 3752 753 3840 ἔπαρχος,
784 3755 851 3821 sive
880 3777 938 3840 per
968 3776 1002 3822 se
1027 3755 1180 3839 positum,
1210 3756 1275 3821 siva
1302 3776 1376 3823 aum
1403 3781 1474 3826 mu·

89 3864 92 3871 ·
199 3850 281 3912 neris
307 3849 521 3936 designatione
547 3852 762 3936 coniunctum,
794 3872 857 3935 quo
883 3849 1112 3936 appellationes
1139 3849 1277 3915 omnium
1304 3852 1474 3940 magistra·

199 3948 287 4008 tuum
319 3944 493 4028 ducumque
518 3945 629 4011 Latine
650 3947 797 4028 praefecti
823 3944 1052 4030 appellatorum
1081 3942 1196 4011 Graece
1219 3944 1403 4032 reddantur,
1436 3954 1474 4016 nt

86 4062 90 4071 ·
202 4038 345 4104 omnibus
368 4042 468 4106 modis
490 4042 604 4126 quibua
624 4041 702 4106 illud
716 4043 886 4124 praefectus
903 4041 936 4105 in
954 4064 1014 4105 usu
1031 4040 1137 4106 fuerit
1170 4038 1278 4126 ltaque
1294 4040 1473 4129 Dionysius

85 4158 90 4169 ·
200 4135 388 4216 praelectum
411 4134 507 4222 urbis,
529 4137 583 4222 qui
605 4140 706 4202 aetate
727 4136 827 4202 libera
849 4140 904 4201 aut
924 4158 944 4201 a
965 4134 1095 4203 consule
1117 4138 1171 4200 aut
1191 4135 1380 4204 edictatora
1397 4139 1473 4206 urbi

287 4448 313 4513 1)
331 4409 477 4518 6616666616
490 4449 519 4502 at
531 4445 682 4521 πρόβουλος
694 4445 806 4516 Dionys.
820 4445 858 4501 Π
872 4452 918 4514 66,
936 4409 1376 4519 66116666611661661666,
1393 4451 1473 4520 guod

200 4523 273 4576 recta
290 4521 390 4579 vidisse
406 4525 515 4579 videtur
532 4527 623 4580 Monta
640 4525 742 4597 (Magg.
761 4525 870 4595 Appall
888 4543 915 4596 p
930 4527 983 4594 16),
1000 4523 1120 4595 Appiam
1138 4522 1215 4578 111116.
1229 4529 1270 4579 66.
1284 4527 1326 4579 66.

287 4601 372 4670 oar
388 4607 428 4671 16,
443 4608 475 4657 16
493 4604 546 4673 (61
564 4602 803 4674 Boiasorsinlp.¹
810 4601 899 4674 (6111)
970 4585 1331 4672 11616111666166

286 4644 492 4747 suaviae.
563 4686 589 4753 6)
607 4683 680 4754 sang
698 4681 766 4738 1rs
838 4679 957 4751 occa.
974 4679 1131 4747 1166666

286 4758 313 4825 6)
330 4755 400 4811 mut
418 4756 495 4814 sou
516 4759 630 4828 1666.
644 4764 685 4815 ss

287 4833 855 4927 6)1]11163116,61.Ιο66661616
873 4835 975 4892 mass
993 4835 1096 4890 6166
1167 4833 1384 4905 1⁰)le112

223 4915 312 4981 11)
329 4912 476 4983 Ικαρχος
467 4930 497 4968 aa
514 4880 609 4971 Sicilia
631 4933 667 4989 ap
668 4916 706 4971 ud
728 4914 838 4970 Diodor
856 4913 906 4970 XV
920 4920 967 4982 16,
980 4918 997 4968 6
1019 4929 1083 4969 cum
1105 4911 1199 4982 66616,
1219 4912 1269 4984 qni
1285 4911 1349 4970 66161
1366 4917 1472 4989 opto·

200 4949 372 5061 piupesm
389 4991 603 5062 6616136116666
620 4994 736 5051 ridetur.
808 4995 852 5065 16)
869 4991 965 5064 Polyb.
982 4990 1021 5048 11
1034 4995 1079 5060 66,
1091 4996 1118 5047 6
1332 5021 1335 5025 -
