2976 5130
142 439 491 538 2²·
710 468 858 528 maaca

125 629 285 695 -medium
307 632 395 695 ortae
413 651 480 695 ease
498 629 672 695 rideantur.
713 629 853 707 Quarum
871 630 1118 720 appellationum
1135 652 1281 718 magnam
1298 634 1422 716 partem

143 726 179 790 in
199 724 304 790 titulis
327 725 508 790 inferiorum
532 746 658 822 quoque
680 729 820 790 aetatum
841 723 992 811 legimus,
1017 746 1161 791 necnon
1184 725 1268 811 apud
1289 724 1423 791 Graecos

143 821 315 904 scriptores
335 811 440 884 reruni
449 807 676 885 *utnmamm
698 820 882 908 Polybium,
903 819 1108 905 Dionysium,
1128 819 1316 905 Diodorum,
1342 820 1422 885 alios

143 937 245 999 usque
266 913 308 979 ad
328 903 463 1000 Lyduln
469 909 601 980 infimae
622 917 745 981 aetatis.

231 1008 320 1074 Haec
350 1008 503 1074 vocabula
532 1011 661 1097 collegi,
691 1009 878 1095 corporibus
909 1009 1074 1076 titulorum
1104 1032 1142 1076 ac
1170 1032 1360 1096 papyromm
1391 1014 1424 1076 ιι

143 1104 354 1189 scriptoribus
380 1126 485 1170 rerum
511 1106 659 1189 perlectis
685 1106 759 1170 inde
786 1129 805 1170 a
830 1105 956 1171 saeculo
981 1128 1009 1170 a
1028 1104 1099 1171 cnr.
1122 1130 1153 1172 n
1171 1105 1270 1171 altero
1295 1107 1423 1171 ιιιιιιιιι

98 1278 99 1281 ¹
143 1222 245 1285 usqne
267 1199 307 1263 ad
329 1200 419 1286 regni
440 1198 630 1265 Diocletiani
651 1201 794 1286 initium,
820 1222 883 1285 quo
909 1202 1067 1284 permulta
1092 1223 1221 1266 munera
1242 1223 1261 1266 a
1280 1200 1423 1285 pristinis

143 1293 299 1360 Romania
316 1316 446 1380 prorsus
463 1295 585 1361 diversa
602 1296 695 1361 nobie
714 1317 876 1361 occurrere
893 1295 1061 1380 incipiunt,
1082 1297 1246 1382 titulisque
1263 1294 1423 1361 nonnullis

143 1390 340 1475 Byzantinos
361 1390 488 1474 aetatis,
515 1391 571 1475 qui
592 1391 633 1456 ad
655 1390 876 1456 constituenda
896 1391 1050 1456 vocabula
1070 1391 1265 1477 temporibus
1287 1390 1443 1476 superio*

143 1485 234 1550 ribus
255 1488 409 1569 usurpata
430 1485 592 1570 adiuvent,
614 1490 648 1559 ιι
668 1485 934 1570 appellationibus
955 1486 1212 1572 magistratuum,
1240 1508 1318 1570 quae
1339 1484 1424 1572 apud

143 1580 270 1665 Lydum
301 1579 518 1664 inveniuntur,
548 1579 672 1646 additis.
726 1579 867 1658 Quorum
896 1581 1061 1647 nominum
1090 1603 1171 1666 quae
1196 1582 1261 1647 sint
1286 1580 1431 1667 origines

143 1675 296 1761 quaesivi.
343 1673 461 1740 'l'ribus
489 1675 572 1741 enim
598 1676 702 1742 modis
725 1673 841 1742 Graece
862 1676 985 1742 reddita
1006 1698 1074 1742 esse
1096 1677 1310 1742 Romanorum
1333 1697 1425 1742 roca·

142 1771 221 1836 bula
253 1771 421 1836 sollemnia
448 1792 500 1836 me
529 1771 655 1837 monuit
680 1770 851 1855 Wiaaowa,
880 1776 1066 1883 praeceptor
1096 1793 1258 1837 meus-
1286 1772 1424 1856 primum

143 1888 201 1952 per
227 1867 500 1950 comparationem,
530 1888 593 1951 qua
621 1865 776 1933 vocabula
805 1865 1011 1932 sollemnia
1001 1867 1079 1932 unia
1105 1867 1224 1951 publici
1251 1864 1358 1933 Graeci
1384 1866 1425 1932 ad

34 2038 42 2049 .
143 1963 350 2047 magistratus
371 1961 579 2046 institutaque
600 1960 817 2027 Romanorum
840 1961 1033 2047 designanda
1058 1962 1105 2027 ita
1126 1963 1369 2048 usurpabantur,
1388 1966 1426 2027 ut

142 2056 263 2123 similia
292 2055 451 2122 similibus
481 2056 711 2144 conferrentur,
742 2061 775 2122 et
804 2057 1032 2142 appellationes
1062 2055 1198 2123 Graecae
1226 2056 1267 2122 ad
1296 2073 1426 2124 munera

143 2151 290 2217 Romana
312 2151 519 2238 congruentia
540 2153 795 2218 transferrentur.
838 2151 935 2235 Nam,
952 2156 989 2216 ut
1011 2152 1190 2237 exemplum
1207 2153 1343 2238 siluam,
1362 2175 1425 2218 ror

144 2249 336 2334 στρατηγός,
372 2268 454 2331 quae
484 2246 654 2331 appellatio
687 2253 756 2314 erat
785 2249 988 2334 magistratus
1018 2248 1136 2312 summi
1166 2247 1362 2314 Achaeorum
1392 2252 1427 2314 ιι

142 2341 344 2426 Aetolorum,
364 2340 405 2406 ad
425 2347 619 2428 praetorem,
644 2365 804 2409 summum
829 2343 983 2429 pristinae
1003 2341 1165 2408 Romanae
1190 2344 1302 2409 aetatis
1326 2343 1426 2429 magi·

143 2438 475 2522 stratum,t1analsta
499 2441 568 2504 ιιι
608 2437 731 2504 Deinde
759 2438 1083 2524 percontationem,
1111 2459 1174 2522 qua
1199 2438 1425 2523 appellationes
1458 2430 1464 2438 ’

142 2532 278 2599 Ιιιιιιιιι
294 2531 335 2597 ad
352 2531 484 2598 verbum
503 2531 619 2599 (lmece
639 2533 853 2600 reddebantur
868 2534 1000 2599 vocibus
1017 2533 1158 2600 eiusdem
1178 2534 1427 2622 significationis,

143 2629 177 2694 ri
199 2627 349 2694 sollemni
370 2629 536 2694 nominum
556 2650 624 2694 non
645 2633 783 2715 servata;
808 2650 871 2713 quo
898 2630 993 2695 modo
1018 2631 1153 2696 ιιιιηιι
1176 2651 1234 2715 per
1256 2633 1427 2714 μισοβασι-

143 2724 221 2801 teate
243 2724 420 2808 explicatus
441 2728 498 2790 ιιι
540 2722 686 2809 Denique
711 2746 770 2811 per
792 2726 1069 2809 ammaum,
1098 2746 1161 2809 qua
1182 2745 1275 2791 voces
1295 2723 1426 2789 Ιιιιιιιιι
1455 2765 1465 2773 -

142 2819 261 2885 litteris
284 2815 411 2884 Graecis
427 2818 658 2904 scribebantur,
675 2823 713 2885 ut
729 2840 830 2904 augear
847 2851 889 2875 =
907 2821 1041 2908 αὔγουρ.
1076 2820 1135 2906 Bt,
1152 2822 1236 2906 quod
1253 2819 1293 2883 ad
1309 2840 1426 2905 paucas

144 2913 376 3000 appellationes
393 2915 517 3001 attinet,
537 2913 666 2980 eandem
689 2915 838 2981 omnibus
858 2915 962 2981 modis
984 2937 1168 3009 conversam
1184 2913 1368 2999 invenimus,
1390 2918 1427 2979 ut

143 3015 345 3094 ιιιιιιιιι-
362 3011 478 3094 ταμίας
499 3031 557 3095 per
578 3010 860 3096 comparationem,
888 3014 1081 3095 -ζητητής
1102 3032 1160 3096 per
1179 3011 1427 3101 translationem,

144 3135 187 3159 ι-
190 3107 371 3217 somene
393 3126 450 3190 per
467 3105 753 3190 transcriptionem.
787 3104 928 3183 Quorum
946 3104 1114 3170 modorum
1131 3104 1331 3171 convertendi
1347 3091 1441 3170 anti?

144 3200 300 3286 quissima
329 3204 379 3265 eat
405 3201 613 3286 comparatio,
639 3222 721 3285 qnae
746 3201 786 3266 ad
811 3221 905 3268 voces
931 3197 1098 3264 sollemnes
1124 3197 1283 3281 Romanu
1310 3197 1427 3264 Graece

144 3294 370 3381 explicandas
359 3316 394 3361 m
406 3296 621 3361 monumentis
633 3295 765 3362 alterins
777 3295 894 3361 saeculi
906 3316 933 3359 a.
943 3292 1015 3359 (thr.
1026 3315 1056 3358 n
1069 3293 1211 3360 adhibita
1223 3297 1280 3360 eat
1302 3293 1424 3359 Deinde

144 3389 313 3456 translatio
335 3390 520 3476 paulatim'
511 3412 545 3455 m
566 3413 659 3457 usnm
681 3392 783 3476 venit,
803 3412 876 3457 cum
897 3391 989 3476 plura
1016 3386 1168 3454 uocabula
1184 3388 1425 3475 requirerentur

146 3489 180 3550 et
207 3507 341 3552 munera
371 3507 467 3571 nors,
497 3507 577 3571 quae
607 3486 676 3552 ιι
666 3509 737 3572 rpaa
764 3485 881 3552 Graeca
902 3484 990 3551 reddi
1019 3505 1099 3569 opus
1130 3488 1209 3569 arat,
1239 3487 1426 3550 ιιιιιιιιιιι.

144 3579 292 3665 Denique
318 3581 536 3666 transcriptio,
561 3581 617 3666 qui
644 3582 758 3647 modus
783 3583 886 3647 aetate
912 3580 1018 3666 priore
1043 3599 1109 3644 non
1130 3578 1339 3664 usurpabatur
1362 3579 1427 3644 nisi

131 3696 218 3749 ¹cum
241 3674 415 3761 appellatio
437 3675 552 3743 Latina
573 3675 736 3743 difficilius
754 3680 809 3742 aut
825 3698 884 3761 per
900 3675 1167 3760 comparationem
1184 3678 1239 3739 aut
1254 3695 1312 3760 per
1326 3677 1428 3739 trans·

144 3769 300 3836 lationem
332 3768 449 3837 draeoe
479 3772 620 3838 converti
651 3776 773 3857 posset,
803 3768 1005 3837 ιιιιιιιοιιιιιι
1030 3768 1238 3854 temporebus,
1266 3789 1337 3835 cum
1362 3768 1426 3833 iam

145 3865 254 3951 prisca
276 3866 469 3952 significatio
490 3888 657 3932 munerum
680 3865 867 3952 plerumque
888 3865 1046 3952 periisset,
1075 3885 1191 3951 magno
1216 3863 1250 3929 iu
1271 3885 1330 3929 usu
1351 3867 1427 3928 erat.

235 3959 300 4026 Sed
317 3965 354 4026 ut
371 3960 581 4046 temporibus,
598 3961 645 4027 ita
661 3965 939 4027 monumentorum
957 3959 1126 4047 generibus
1143 3958 1275 4024 dirersis
1292 3957 1428 4043 appella·

146 4055 251 4120 ιιοιιιι
274 4055 339 4121 illis
360 4055 463 4121 tubus
484 4054 587 4122 modis
609 4056 732 4123 diverse
758 4055 898 4121 redditae
925 4059 1006 4120 sunt
1057 4052 1095 4119 ln
1117 4052 1220 4119 titulis
1242 4053 1325 4118 enim
1344 4053 1427 4117 ratio

147 4149 303 4217 vocabula
323 4150 491 4217 sollemnia
513 4149 629 4218 tineos
651 4150 853 4217 oonrmtendi
875 4153 925 4216 est
945 4154 1107 4234 constans,
1128 4169 1200 4214 cum
1221 4168 1353 4232 eaquae
1370 4167 1429 4231 per

147 4246 418 4331 comparationem
441 4251 511 4312 orta
536 4247 571 4312 in
596 4246 713 4312 litteris
735 4244 872 4332 publicis
898 4244 1127 4330 antiquissimis
1153 4245 1333 4327 occurrunt,
1357 4245 1428 4306 tum
1463 4320 1467 4324 g

147 4361 288 4426 eaquae
310 4340 513 4407 interioribus
534 4341 630 4406 modo
652 4340 849 4427 temporibus
871 4343 1022 4424 usurpata
1043 4343 1098 4405 aut
1119 4360 1178 4423 per
1192 4336 1428 4402 translationem

147 4441 204 4501 ant
224 4457 284 4521 per
305 4437 582 4522 trmscriptionem
599 4435 823 4522 reddebantur,
845 4435 909 4500 illis
926 4432 1029 4500 titulis
1046 4431 1199 4518 excepu‘s,
1220 4453 1276 4516 qm
1265 4428 1429 4496 abomi-

146 4530 242 4596 nibus
264 4530 399 4617 privatis
422 4529 593 4617 conscripti
615 4553 635 4596 a
656 4530 882 4597 consuetudine
903 4528 1082 4594 abhorrent
1126 4525 1244 4592 Gonbs
1260 4523 1429 4608 scriptores

147 4625 324 4712 elegantiae
355 4627 508 4692 sermonis
538 4626 642 4712 gratis
672 4630 705 4692 ιι
735 4625 841 4691 studio
871 4622 1013 4690 variandi
1043 4620 1209 4704 commoti,
1238 4623 1276 4685 ut
1304 4615 1428 4683 crebras
1464 4661 1467 4666 -

147 4720 355 4806 repetitiones
390 4740 503 4787 vocum
533 4721 683 4807 vitarent,
718 4718 946 4808 appellationes
981 4715 1144 4804 generales
1180 4713 1248 4781 sine
1281 4709 1429 4780 sollemni
