2976 5130
491 298 745 400 normanorum
763 298 982 383 emonem
1335 300 1372 364 41

104 460 264 548 alterius¹)
290 463 461 545 reperimus
488 459 623 534 οοάᾶλις
643 456 865 542 Ἅάριανᾶλις,
890 457 923 523 in
948 461 1155 523 monumento
1179 455 1374 544 Ancyrsuc¹l

104 559 244 642 ἀδελφὸς
270 556 437 640 άρουᾶλις,
463 553 498 617 in
525 553 627 617 titulis
652 551 766 617 aetatis
788 551 939 618 Hadriani
966 574 1062 637 supra
1089 553 1231 641 citatis')
1254 555 1375 639 φράτηρ

105 656 270 738 άρουᾶλις,
302 652 335 714 in
365 648 458 713 titulo
490 647 608 712 saeculi
637 645 800 734 alterius‘)
827 648 932 732 1εριι1ς
959 652 1194 733 Λαυρεντῖνος,
1225 649 1262 714 in
1287 649 1375 713 titulo

105 747 220 814 saeculi
238 747 365 810 alterius
384 739 554 828 ineuntis⁸)
571 742 693 819 ὕπατος
710 744 942 825 Καινιινῆνοις
964 744 1061 823 ἱερῶν
1081 744 1188 827 δήμου
1207 741 1375 827 Ῥωμαίων,

105 846 139 909 in
164 841 258 907 titulo
284 839 403 904 urbano
426 838 539 902 aetatis
562 834 1376 925 ἱιιοοήοο’)1ερεὺςΣουιιινιανῶν,ἀοοίρυονροι1

105 936 306 1003 Plutarchum
329 955 366 999 ac
386 933 511 1018 Lydum
533 931 708 1016 λουκέρκοι
730 935 762 995 et
783 931 869 1016 apud
889 931 1078 1015 Dionysium
1099 937 1288 1016 αουρίονες.

190 1032 333 1116 Denique
363 1028 446 1114 quod
477 1028 518 1092 arl
548 1027 698 1092 feriarum
730 1030 763 1090 et
792 1025 939 1092 ludorum
968 1024 1097 1091 nornine
1123 1029 1251 1112 attinet,
1282 1031 1378 1095 mults

106 1127 293 1210 transcripta
322 1125 507 1190 invenimus.
551 1121 635 1187 Nam
665 1121 816 1187 feriamm
842 1119 1158 1206 hseappellationes
1184 1128 1378 1209 comparent:

106 1227 138 1288 in
161 1225 362 1287 monumento
386 1216 586 1306 Ancyrano')
608 1224 641 1283 et
658 1217 743 1303 apud
765 1216 908 1282 casim
926 1216 1062 1282 Diouem
1083 1217 1124 1281 τὰ
1142 1216 1379 1302 Λάμονοιάλια,

106 1319 189 1403 apud
219 1317 420 1382 Plutarchum
452 1319 485 1380 et
515 1314 698 1399 Appianum
729 1313 769 1378 τὰ
800 1312 1041 1396 Λουπερκάλια,
1072 1312 1157 1397 apud
1182 1311 1380 1400 Dionysium,

106 1413 317 1493 Plutarchum,
326 1412 468 1476 Cassium
477 1410 613 1474 Dionem
626 1411 666 1473 τὰ
676 1412 829 1492 Παρίλια,
842 1408 927 1492 apud
935 1407 1123 1490 Dionysium
1134 1412 1168 1472 et
1175 1407 1379 1474 Plutarchum

108 1511 146 1573 τά
167 1509 360 1592 Τερμινάλια
378 1528 414 1571 ac
431 1507 470 1570 τά
488 1504 721 1585 Κωνσουάλια,
746 1504 779 1568 in
800 1525 923 1588 papyro
944 1502 1019 1568 anui
1041 1499 1135 1588 100¹)
1157 1504 1196 1568 τά
1219 1505 1383 1588 Σααορνά·

109 1609 176 1685 λια,
203 1605 235 1666 iu
261 1603 354 1667 titulo
380 1600 492 1667 aetatis
519 1595 687 1682 incertae')
713 1600 753 1662 τά
771 1598 992 1682 Παρινιάλια,
1022 1595 1106 1681 apud
1127 1596 1319 1683 Dionysium
1345 1600 1383 1665 ul

110 1699 311 1779 Κομπιτάλια
336 1701 368 1760 et
388 1697 426 1760 τά
450 1693 656 1775 Παγανάλια,
682 1693 767 1778 apud
789 1693 995 1759 Plutarchum
1017 1693 1057 1757 ul
1080 1695 1323 1777 Καρμεναάλια,
1346 1696 1384 1760 τά

111 1793 341 1874 Φουρνικάλια,
362 1792 402 1854 τά
424 1787 657 1871 Ματρωνάλια,
678 1789 719 1853 τά
742 1790 933 1873 Κυρινάλια.
974 1786 1112 1866 Quarum
1134 1789 1385 1874 appellationum

106 1888 146 1952 ad
172 1885 408 1951 similitudinem
435 1882 654 1948 scribebantur
678 1883 827 1949 ludorum
855 1905 981 1968 quoque
1002 1882 1143 1967 uomina,
1168 1905 1252 1968 quse
1272 1885 1386 1952 Latine

106 1981 348 2064 designabantur
377 2000 453 2043 voce
483 1978 552 2043 ludi
583 1999 655 2042 cum
686 1978 842 2044 adiectivo
869 1979 908 2043 de
932 1977 1061 2044 nomine
1085 1979 1215 2063 proprio
1244 1979 1387 2046 clarinto

106 2078 284 2157 coniuncta,
311 2079 347 2138 ut
374 2073 430 2138 illa
449 2075 652 2138 monumenti
675 2071 883 2159 Ancyrani¹⁰)
907 2073 1027 2139 locutio
1052 2072 1129 2138 θέαι
1150 2072 1387 2160 ὀνομαζόμενα

107 2170 308 2253 Σαικλάρεις.
352 2167 405 2233 Sic
429 2169 566 2255 legimus
588 2169 672 2253 apud
695 2169 839 2234 Cassium
860 2168 997 2234 Dionem
1019 2168 1059 2234 τά
1081 2169 1320 2252 Σαικουλάρια,
1346 2173 1387 2237 τὰ

110 2264 291 2346 Φλωράλια,
313 2264 351 2328 τά
368 2265 549 2347 Νερώνεια,
572 2265 656 2349 quod
677 2287 795 2330 nomen
812 2264 908 2330 etiam
926 2266 960 2330 in
982 2256 1099 2329 terame
1118 2262 1285 2353 urbemn)
1301 2287 1388 2332 cour·

108 2365 205 2443 parer,
226 2363 258 2422 et
280 2360 313 2422 in
334 2357 436 2423 titulis
458 2360 675 2444 compluribus
697 2360 895 2426 saeculorum
917 2359 1046 2427 alterius
1068 2363 1101 2424 et
1121 2359 1207 2425 tertii
1224 2361 1265 2425 τά
1283 2365 1389 2429 Καινι-

108 2456 223 2519 αώλεια
257 2453 336 2540 (sire
367 2453 590 2542 Καιιετάλεια)
624 2476 662 2520 ac
692 2458 732 2520 τά
758 2453 956 2540 Ἆδριάνιια,
991 2475 1126 2540 quorum
1156 2454 1389 2525 vocabulorum

108 2549 231 2614 nullum
252 2571 310 2635 pro
332 2549 573 2634 transcriptione
594 2551 679 2615 nuda
699 2550 810 2615 haberi
832 2554 947 2635 potest.

193 2643 394 2728 Transcripta
424 2645 523 2729 igitur
553 2647 654 2711 multa
682 2645 838 2710 vocabula
863 2646 1054 2729 invenimus,
1083 2647 1251 2731 praecipue
1278 2648 1315 2713 in
1342 2650 1390 2715 irr-

110 2740 232 2804 ierioris
250 2740 360 2804 aetatis
378 2743 601 2824 monumentis,
621 2742 675 2806 sed
692 2762 794 2826 pauca
811 2741 906 2806 ruodo
924 2743 1141 2806 universomm
1160 2739 1193 2804 iu
1210 2763 1271 2807 usu
1287 2743 1391 2811 fuisse

109 2839 251 2918 apparet;
280 2855 393 2917 nempe
423 2856 504 2918 quae
535 2858 592 2920 per
623 2838 891 2921 comparationem
922 2841 978 2902 aut
1005 2833 1241 2902 translationem
1268 2835 1391 2907 Graece

109 2928 201 2992 facile
223 2930 361 2993 converti
383 2951 446 2993 non
468 2936 607 3014 possent,
629 2933 787 3016 imprimis
803 2933 967 3013 petricius,
992 2931 1133 3015 Quirites,
1154 2932 1293 3013 dicator,
1309 2956 1391 3018 μοιι-

112 3024 198 3103 tr'fea,
220 3044 332 3104 αυμιιι,
357 3024 445 3106 topic,
468 3031 649 3092 constanter
673 3027 842 3092 transcribi
868 3027 1025 3110 solebant,
1051 3025 1106 3090 sed
1132 3026 1165 3090 in
1192 3048 1226 3092 re
1254 3029 1390 3097 militari

111 3115 337 3201 appellationes
363 3118 456 3183 modo
484 3121 715 3204 praefectorum
743 3121 927 3188 inferiorum
954 3120 1069 3188 Graece
1091 3121 1296 3208 transcriptas
1320 3147 1390 3193 esse

110 3211 255 3296 vidimus,
270 3213 324 3296 qui
337 3214 486 3278 nimirum
501 3216 629 3281 modum
643 3216 832 3281 facillimum
846 3217 1094 3303 appellationum
1108 3217 1390 3288 convertendarum

110 3307 333 3391 praeferebant
377 3307 488 3393 Itaque
514 3313 669 3376 rationem
696 3312 852 3376 vocabula
878 3312 1044 3379 sollemnia
1068 3312 1146 3377 iuris
1167 3310 1305 3380 Romani
1332 3337 1392 3403 per

110 3402 382 3487 transcriptionem
401 3403 519 3470 Graece
540 3407 690 3472 reddendi
713 3408 846 3473 minoris
868 3408 1020 3474 momenti
1039 3407 1137 3472 fuiess
1154 3429 1248 3493 quarn
1266 3414 1392 3477 ceteras

110 3498 313 3657 οορρὲἰριιά
334 3499 477 3564 homiues
506 3502 669 3586 utriusque
696 3503 852 3568 sermonis
878 3505 998 3588 peritos
1024 3503 1124 3567 multo
1151 3503 1185 3567 in
1206 3525 1267 3568 usu
1288 3505 1392 3574 fuisse

112 3611 150 3655 oo

114 3713 320 3726 ——u———

200 3780 225 3847 1)
242 3777 329 3834 Inscb.
348 3779 456 3852 Olymp.
471 3788 537 3849 ⁶203
554 3783 598 3839 10.
616 3785 656 3839 IV
669 3791 734 3852 ⁶883
753 3784 818 3840 010.
834 3791 910 3841 1817.
982 3788 1009 3856 Ι)
1027 3784 1072 3840 Gr.
1085 3784 1111 3839 V
1124 3789 1148 3840 l.

199 3859 225 3924 8)
242 3856 329 3911 Iusch.
344 3857 421 3929 Perg.
435 3865 487 3914 486
502 3863 531 3916 et
544 3878 633 3932 seqq.;
651 3861 717 3918 CIG.
732 3868 809 3919 8648.
880 3867 907 3934 λ)
925 3863 1003 3919 Bon.
1015 3863 1065 3918 vn
1078 3868 1129 3918 116
1146 3879 1173 3916 n.
1188 3867 1230 3918 ll.

199 3936 226 4001 t)
243 3932 287 3988 la.
306 3935 343 3988 111
356 3938 449 4006 mli.
522 3942 549 4008 8)
566 3939 610 3995 lG.
629 3940 692 3994 xlv
706 3947 783 3996 1082.
856 3945 882 4012 7)
900 3942 945 3996 Gr.
959 3941 997 3995 VI
1011 3947 1051 3995 14.
1121 3942 1149 4010 8)
1165 3938 1195 3995 l’.
1208 3939 1276 4010 Καρ.
1291 3947 1353 3999 110.

198 4013 225 4078 ο)
242 4009 318 4065 uon.
337 4011 424 4067 xxiv
437 4022 488 4070 aar
504 4016 660 4090 ποιμα
678 4024 756 4088 reor,
775 4025 835 4074 rae.
907 4021 951 4089 ro)
968 4018 1014 4074 ur.
1032 4017 1082 4073 xn
1095 4023 1136 4073 rr.

183 4090 226 4158 ιι)
242 4087 287 4143 ro.
305 4088 368 4143 xlv
385 4097 519 4171 arrasa.
