3060 5460
380 723 381 727 ’
498 728 539 783 De
557 725 712 782 officiorum
729 725 941 796 comparatione
1316 726 1362 794 21

87 891 262 956 sedetiam
288 910 346 973 pro
366 890 537 971 μνοεῖοοὶοο
562 885 653 950 moia
677 887 863 968 usurpatum
884 906 966 970 esse,
991 885 1083 950 utin
1103 884 1277 969 utramque·
1291 907 1365 953 rem

20 1040 21 1055 ι
88 987 190 1051 valeat
220 984 302 1068 apud
333 984 463 1049 eundem
494 980 695 1064 scriptorem,
726 999 798 1044 eum
828 983 861 1045 at
890 935 974 1064 apud
1000 977 1306 1072 LacedaemonioaQ
1328 984 1366 1049 οἱ

88 1080 170 1164 apud
187 1075 404 1165 Macedones&
425 1078 584 1163 praeesset
605 1074 699 1140 classi
719 1095 842 1186 semper
857 1075 1041 1159 nammhus,
1061 1075 1134 1140 nari
1155 1078 1261 1148 sutem
1277 1097 1364 1193 asm-
1439 1166 1444 1172 Ι

110 1197 144 1240 er
165 1173 361 1240 trierarchus.

20 1270 22 1348 ξ
88 1197 109 1259 p
173 1268 295 1335 Deinde
321 1268 360 1332 de
384 1266 545 1333 vocabulis
572 1263 670 1329 οοοιίο
695 1285 753 1349 per
775 1266 1040 1349 comparationem
1062 1207 1177 1332 Graece
1198 1267 1364 1333 conversis

20 1397 21 1401 ¹
89 1364 298 1449 quaerendum
325 1366 385 1446 est,
412 1382 448 1427 ac
472 1362 610 1445 primum
640 1359 768 1443 quidem
795 1359 833 1426 de
859 1381 935 1425 voce
962 1359 1143 1446 ἀρχιερεύς,
1167 1382 1248 1445 quae
1269 1364 1304 1426 et
1326 1363 1364 1429 in

88 1460 190 1525 titulis
216 1463 248 1525 et
274 1458 355 1543 apud
381 1458 549 1540 scriptores
575 1477 633 1539 pro
654 1455 799 1537 pontifex
820 1456 987 1538 οιοοίοιιιο,
1013 1454 1047 1520 in
1068 1459 1271 1523 monumento
1292 1455 1364 1522 An·

20 1579 21 1583 ¹
88 1576 203 1640 cyrauo
226 1559 258 1619 et
279 1553 362 1638 apud
384 1552 551 1636 scriptores
573 1550 726 1633 quosdam
749 1571 807 1634 pro
826 1552 964 1633 pontisas
980 1551 1143 1635 reperitur,
1163 1551 1246 1616 sicut
1261 1552 1363 1618 etiam

20 1645 22 1711 ἶ
88 1673 146 1735 pro
171 1650 368 1733 pontificatue
398 1647 552 1712 maximus
582 1649 767 1730 comparent
780 1645 969 1711 'locutiones
996 1643 1217 1730 ἀρχιερωσύνη
1243 1649 1276 1712 οἱ
1300 1645 1364 1733 ἀρ

20 1771 23 1809 ι
87 1746 255 1829 preparate,
276 1743 373 1807 nitere
393 1741 427 1806 in
448 1743 654 1804 monumento
671 1737 873 1827 Ancyrano⁸)
893 1745 925 1806 et
943 1740 1026 1825 apud
1043 1739 1246 1805 Plutarchum
1263 1745 1364 1827 etque

20 1865 22 1871 ·
88 1838 282 1924 Appianum,
312 1837 409 1901 altera
439 1835 472 1900 in
503 1838 709 1899 monumento
736 1833 938 1922 Ancyrano⁴)
969 1834 1046 1900 eolo.
1089 1833 1206 1920 Incipit
1231 1836 1364 1920 quidem

20 1980 25 2020 :-
89 1955 248 1999 occurrere
279 1931 444 2016 ἀρχιερεύς
473 1929 539 1993 sive
566 1928 712 1995 sacerdos
738 1930 894 1995 maximus
919 1929 1057 2017 regionis
1083 1930 1118 1994 in
1143 1929 1237 1996 Asiae
1263 1931 1364 2000 rebus

20 2087 26 2119 ἶ
88 2028 224 2114 publicis
245 2049 283 2093 ea
303 2030 403 2091 aetate
425 2045 504 2109 quae
523 2022 730 2090 Hellenietica
751 2025 936 2110 appellatur.
979 2023 1095 2090 Postea
1115 2029 1184 2091 erat
1204 2025 1364 2114 sacerdos

20 2122 23 2129 ’
89 2123 143 2207 qui
177 2122 269 2187 rebus
305 2120 399 2185 sacris
433 2119 612 2204 provinciae
647 2123 681 2184 et
713 2120 880 2204 praecipue
910 2118 1010 2185 cultui
1039 2119 1191 2205 principis
1221 2119 1365 2191 Romani

22 2269 27 2299 ι
88 2214 268 2302 praeeratl).
312 2212 380 2291 Qua
409 2214 620 2299 appellatione
650 2215 834 2300 pontificem
863 2216 1036 2280 maximum
1061 2214 1239 2281 Romanum
1264 2215 1365 2302 Poly·

88 2313 159 2377 hius
180 2313 300 2396 primus
322 2310 505 2394 designavit,
526 2309 637 2375 deinde
661 2313 824 2394 comparet
843 2311 878 2375 in
899 2309 1002 2375 titulis
1024 2307 1165 2376 Caesaris
1186 2310 1365 2399 diehtoris,

22 2402 25 2463 ἶ
89 2397 158 2472 tum
187 2407 219 2470 in
250 2404 351 2470 titulis
382 2409 475 2489 atque
505 2404 589 2489 apud
619 2405 791 2490 scriptores
822 2405 934 2471 aetatis
964 2405 1191 2491 imperatoriae
1234 2404 1298 2472 Sed
1326 2408 1364 2474 iu

20 2494 23 2585 j
88 2501 189 2566 titulis
216 2504 289 2585 post
308 2498 444 2566 Neronis
470 2504 603 2566 aetatem
630 2501 757 2585 scriptis
783 2522 938 2587 nusquam
964 2522 1027 2566 vox
1053 2498 1220 2586 ἀρχιερεύς
1245 2523 1303 2586 per
1326 2525 1365 2571 οο

20 2592 22 2610 ¹
87 2596 227 2681 ponitur,
253 2594 307 2660 sed
333 2600 455 2680 semper
480 2595 640 2661 invenitur
666 2594 835 2681 ἀρχιερεὺς
858 2595 1022 2680 μέγιστος,
1047 2616 1127 2680 quae
1151 2595 1273 2662 locutio
1293 2597 1364 2665 iem

88 2685 225 2777 Augusti
254 2694 356 2756 aetate
381 2690 603 2775 usurpabatur,
632 2713 698 2776 qua
722 2691 896 2776 principem
923 2690 1108 2761 &stinctum
1133 2712 1201 2757 esse
1226 2691 1267 2756 ab
1293 2692 1365 2761 illis

88 2785 300 2852 sacerdotibus
320 2786 566 2870 provincialibus
587 2785 748 2872 ἀρχιερεῖς
769 2786 935 2871 appellatis
956 2786 1093 2870 conicio,
1114 2784 1168 2851 esd
1189 2786 1259 2852 fieri
1280 2808 1364 2872 quo·

88 2902 148 2965 que
170 2884 275 2965 potest
296 2885 333 2945 ut
351 2880 430 2946 haec
450 2880 620 2966 appellatio
642 2884 811 2966 propterea
832 2881 866 2946 in
886 2902 980 2946 usum
997 2881 1128 2966 venerit,
1149 2881 1234 2966 quod
1255 2886 1365 2952 aetate

87 2976 287 3060 imperatoria
320 2976 484 3060 pontifices
519 2976 616 3042 ceteri
651 2997 778 3061 quoque
813 2974 973 3063 ἀρχιερεὶς
1007 2975 1176 3061 aliquando
1206 2977 1369 3065 appellati
1463 2995 1469 3004 ·

89 3074 176 3153 aunt,
206 3092 394 3154 quamquam
423 3093 488 3137 non
518 3071 581 3137 nisi
610 3071 645 3137 in
676 3075 880 3138 monumento
906 3068 1107 3159 Ancyrano')
1137 3075 1171 3136 et
1197 3071 1364 3142 rarissima

87 3165 171 3250 apud
198 3164 396 3252 scriptores')
417 3167 572 3251 reperitur
592 3165 762 3252 ἀρχιερεύς
774 3197 816 3221 -
827 3168 978 3251 pontisae,
1003 3188 1105 3252 nequa
1126 3166 1192 3232 ullo
1214 3169 1363 3253 tempore

87 3283 145 3345 pro
167 3261 320 3326 vocabulo
342 3261 486 3326 sollemni
507 3260 618 3327 habita
639 3266 689 3328 est
704 3261 784 3328 haec
800 3284 871 3346 vox,
893 3283 956 3347 quo
974 3260 1190 3348 designaretur
1201 3264 1363 3347 μοοὶίῖοις

87 3377 159 3420 nam
188 3355 251 3420 hoc
280 3355 466 3421 vocabulum
497 3357 531 3421 in
562 3357 665 3422 titulis
695 3357 808 3422 aetatis
839 3357 1058 3442 imperatoriae
1087 3355 1212 3424 Graecis
1240 3358 1364 3427 litteris

88 3451 309 3535 transcriptum
342 3449 434 3516 nobis
468 3473 562 3537 saepe
596 3453 741 3518 occurrit
784 3451 912 3518 Praeter
943 3447 1125 3537 ἀρχιερεύς
1139 3451 1200 3519 ἱιοο
1229 3474 1363 3538 quoque

88 3549 269 3628 comparent
294 3546 533 3631 appellationes,
563 3548 680 3631 quibus
699 3549 841 3631 pontifex
865 3569 923 3633 per
948 3546 1213 3632 comparationem
1240 3546 1364 3618 Graece

88 3638 285 3706 reddebatur:
320 3641 523 3725 ἱερομνήμων
557 3647 590 3708 οἱ
621 3643 830 3729 ἱεροφάντης,
862 3643 963 3708 altera
991 3642 1076 3728 apud
1104 3641 1294 3728 Dionysium
1327 3651 1365 3713 et

87 3732 215 3799 Suidam
241 3739 275 3800 et
299 3734 334 3801 in
359 3737 533 3822 glossariis,
559 3739 658 3804 altera
683 3737 770 3822 apud
790 3736 979 3823 Dionysium
1006 3741 1039 3803 et
1059 3736 1189 3821 Lydum
1233 3735 1296 3804 Sed
1322 3737 1363 3808 hi

86 3829 148 3894 duo
173 3829 307 3895 honores
329 3828 516 3898 Graecorum
541 3854 608 3899 non
633 3833 738 3899 solum
760 3833 843 3898 inter
863 3854 911 3917 ae,
936 3831 991 3898 sed
1013 3831 1108 3898 etiam
1129 3854 1149 3896 a
1168 3833 1363 3918 pontificatu

85 3923 228 3990 Romano
248 3925 337 3991 valde
357 3926 549 4011 diffmebant,
571 3949 668 4012 quara
686 3927 873 3993 vocabulum
889 3931 1036 3993 neutrum
1053 3928 1196 4037 pontifici
1212 3933 1364 3997 accurata

86 4020 258 4103 respondet
301 4019 384 4085 Nam
411 4022 642 4107 ἱερομνήμονες
663 4022 903 4133 appellabantur
924 4023 1090 4108 praecipue
1111 4021 1144 4107 ii,
1164 4022 1220 4107 qui
1241 4044 1260 4088 ο
1282 4045 1364 4110 gen·

87 4113 171 4179 tibus
193 4115 326 4201 singulis
347 4117 437 4182 electi
458 4119 587 4204 negotia
604 4118 712 4184 omnis
729 4118 855 4183 concilii
871 4116 1142 4207 Amphictyonum
1159 4117 1363 4185 administra·

86 4207 207 4295 bant⁸)3
237 4211 291 4275 sed
320 4213 414 4277 etiam
445 4213 499 4278 alii
530 4212 601 4278 aliis
629 4213 710 4279 loeir
735 4213 829 4279 nobis
855 4217 1037 4298 occurrunt,
1067 4234 1200 4296 qnorum
1226 4234 1365 4282 munera

88 4322 277 4388 quamquam
302 4328 372 4373 raro
399 4307 491 4373 nobis
515 4309 644 4394 cognita
664 4308 864 4394 pontificatui
885 4307 1029 4374 Romano
1051 4307 1182 4374 rorasse
1203 4306 1365 4378 similiora

86 4434 293 4449 ᾖ

173 4509 455 4583 1)Βοιιοο819οοορ.
526 4512 688 4584 viduo.
759 4512 947 4582 uldam
1016 4467 1250 4583 Malu..

172 4586 258 4656 A)De
283 4589 423 4645 uoerdote
438 4590 588 4663 ἀρχιερεύς
616 4590 655 4647 οἱ.-
684 4589 802 4647 Bmdil
828 4590 903 4662 tpud
929 4590 960 4645 P.
964 4589 1020 4644 ·.W
1042 4589 1209 4658 11471,οἱ
1233 4589 1364 4666 stand,

87 4661 193 4719 Griecla
212 4663 470 4724 Kulnnltertcnar
486 4673 528 4724 4⁸.

172 4744 199 4811 s)
216 4741 261 4798 οι.
274 4742 348 4798 ιιι.
376 4744 418 4800 οι
430 4746 631 4840 ennemase
640 4747 777 4818 ιιιιιμι,
789 4762 845 4802 ιιι
853 4745 1134 4818 mmm-eam
1146 4744 1181 4802 e
1194 4745 1363 4822 asama,

85 4818 526 4967 Μςῧῗὶοῗίἱὶοιοῃεὶςήέοοο.
541 4823 855 4975 hhoffllvtrhpd.
871 4899 1121 4974 usnemu-sps
1216 4962 1221 4970 ,
1335 4929 1341 4940 ·

172 4976 200 5046 ο)
218 4973 325 5032 cilbere
339 4976 365 5032 11
378 4975 437 5034 uo.
455 4985 520 5048 esse
537 4978 636 5038 anea
652 4984 696 5037 οο
