2976 5130
138 484 182 548 34
247 555 248 558 Ἴ
525 481 566 538 De
579 483 777 549 ,vocabulorum
794 483 1014 553 tramcriptioua

140 640 250 706 Graeci
271 640 352 705 nulli
373 640 615 726 respondebant,
637 642 770 725 danique
792 640 892 706 multa
913 641 1048 727 collegia
1068 645 1191 708 numeri
1213 646 1291 709 certi
1312 645 1412 711 bomi-

137 759 213 802 nmn
242 736 282 800 ad
312 758 427 800 munus
457 741 576 801 certum
608 736 835 801 conficiendum
867 737 1024 821 instituta,
1060 759 1168 804 omnes
1198 739 1259 804 hac
1290 742 1410 807 ratione

138 852 302 898 conversas
325 852 393 897 esse
415 851 454 896 ex
475 832 537 896 hoc
558 832 660 916 capite
682 836 819 917 apparet

223 1152 328 1218 Tertio
351 1152 453 1236 capite
475 1151 515 1215 ad
537 1153 690 1216 rationem
712 1152 914 1217 convertendi
938 1153 1064 1218 tertiam
1084 1190 1125 1233 ,-
1148 1157 1410 1237 adsumptionem

137 1285 180 1296 -
203 1270 260 1313 nos
283 1252 450 1312 vertamus.
497 1244 579 1310 Nam
606 1268 795 1331 quamquam
822 1246 975 1312 vocabula
1001 1247 1166 1313 sollemnia
1191 1249 1328 1334 plurima
1355 1255 1411 1315 aut

137 1367 194 1428 per
214 1342 479 1426 comparationem
501 1345 556 1405 aut
576 1363 632 1425 per
653 1341 888 1408 translationem
907 1340 1024 1414 Graece
1041 1344 1162 1409 reddite
1179 1366 1247 1410 esse
1265 1344 1410 1431 vidimus,

137 1440 243 1522 aliqua
272 1443 378 1502 tamen
408 1438 453 1501 ita
483 1437 743 1503 convertebantur
777 1441 814 1501 ut
847 1459 940 1503 voces
971 1437 1103 1504 Latinae
1137 1440 1251 1504 litteris
1283 1437 1409 1506 Graecis

138 1531 385 1618 scriberentur¹).
430 1530 520 1607 Quod
543 1531 664 1596 duobus
689 1554 728 1597 ex
750 1533 851 1597 causis
877 1531 987 1617 fiebat,
1013 1538 1069 1598 aut
1094 1534 1179 1617 quod
1207 1556 1268 1618 vox
1292 1533 1410 1601 Graeca

137 1629 270 1693 inveniri
290 1650 356 1693 non
377 1630 515 1711 poterat,
537 1648 598 1709 qua
621 1631 693 1711 apte
712 1650 768 1711 per
794 1629 1061 1711 comparationem
1084 1630 1151 1694 aive
1173 1629 1409 1695 translationem

136 1724 316 1789 redderetur
338 1721 526 1788 vocabulum
548 1721 708 1806 Latinum,
734 1727 790 1787 aut
818 1723 902 1807 qnod
924 1745 1033 1788 vocem
1057 1721 1205 1790 Graecam
1228 1728 1291 1808 qua
1311 1727 1408 1812 vulgo

137 1818 377 1885 convertebatur
398 1839 464 1882 non
485 1816 694 1903 cognoscebat
715 1819 857 1902 scriptor.
901 1817 1081 1903 Aliquando
1108 1819 1218 1903 etiam,
1244 1822 1410 1905 praecipue

121 1915 221 2000 apud
241 1913 379 1998 Lydum,
401 1917 534 1996 utraque
555 1913 635 1978 ratio
659 1917 832 1997 comparet,
854 1935 950 1997 quare
972 1915 1171 1998 reperiuntur
1188 1918 1222 1981 et
1241 1915 1410 2000 appellatio

137 2034 194 2096 per
224 2009 490 2094 comparationem
520 2009 586 2074 aive
616 2008 851 2075 translationem
884 2012 967 2093 orta,
997 2014 1030 2075 et
1060 2031 1122 2074 vor
1152 2009 1266 2075 Latina
1295 2011 1410 2076 litteris

139 2105 264 2171 Graecis
286 2104 411 2189 scripta

224 2200 329 2285 Atque
350 2204 387 2264 ut
413 2200 542 2263 nomina
567 2199 807 2284 magistratuum
835 2201 881 2264 rei
903 2199 1049 2283 publime
1078 2199 1196 2266 liberae
1229 2202 1325 2287 vulgo
1355 2224 1412 2286 per

139 2297 419 2381 comparationem,
445 2294 613 2378 aliquando
629 2294 765 2380 ⁸quidem
791 2318 848 2379 per
874 2293 1127 2378 translationem,
1153 2293 1269 2362 Graece
1290 2296 1412 2361 reddita

138 2415 205 2459 esse
237 2414 333 2476 supra
367 2390 517 2472 vidimus,
552 2391 597 2454 ita
631 2411 729 2470 unum
762 2388 949 2455 vocabulum
983 2395 1063 2473 erat,
1097 2392 1148 2456 cui
1176 2390 1284 2456 nullus
1312 2393 1410 2478 magi·

138 2493 254 2553 stratus
281 2485 417 2552 Graecus
443 2507 544 2569 neque
570 2483 635 2549 ulla
661 2485 876 2569 interpretatio
907 2485 1021 2551 idonea
1046 2487 1269 2571 respondebat,
1297 2509 1410 2571 nempe

138 2585 285 2650 dictator(
320 2580 403 2646 Nam
432 2602 620 2665 quamquam
647 2601 718 2645 cum
745 2581 823 2647 duce
850 2579 969 2646 Graeco
996 2583 1175 2666 στρατηγὸς
1203 2583 1410 2665 αὐτοκράτωρ

138 2679 218 2744 banc
239 2678 484 2763 appellationem
505 2698 638 2760 aequare
660 2676 765 2741 conati
787 2680 862 2740 sunt
882 2675 1035 2761 Polybius
1058 2681 1091 2743 et
1112 2677 1284 2762 Diodorus,
1305 2681 1411 2741 tamen

138 2796 203 2841 non
219 2772 397 2839 sufficiebat
413 2772 532 2837 locutio
551 2768 679 2855 Graeca,
697 2793 778 2855 quae
795 2772 866 2836 voci
882 2772 1050 2854 imperator
1067 2774 1167 2837 multo
1185 2771 1320 2837 similior
1335 2776 1411 2856 erat,

139 2892 239 2954 neque
260 2869 362 2955 magis
384 2866 570 2934 succedebat
592 2867 807 2950 interpretatio
834 2868 1012 2952 εἰσηγητής.
1060 2865 1182 2948 Idcirco
1207 2889 1272 2933 non
1297 2867 1411 2931 miran-

140 2965 213 3030 dum
239 2963 398 3048 estquod
424 2961 576 3045 Polybius
601 2966 725 3046 praeter
750 2963 927 3047 στρατηγὸς
953 2963 1161 3048 αὐτοκράτωρ
1188 2984 1281 3047 saepe
1311 2963 1412 3027 utitur
1443 3038 1469 3047 ,-

140 3082 215 3126 voce
237 3059 409 3142 δικτάτωρ,
437 3056 522 3142 quod
549 3057 726 3141 exemplum
753 3057 853 3123 secuti
879 3061 954 3122 sunt
980 3059 1148 3143 scriptores
1174 3057 1325 3142 plerique
1372 3055 1411 3122 ln

140 3156 240 3220 titulis
262 3155 388 3240 quidem
411 3153 546 3218 dictator
566 3153 677 3218 aetatis
699 3152 884 3237 antiquioris
906 3153 1054 3219 videlicet
1074 3153 1166 3220 nobis
1183 3174 1250 3218 non
1267 3153 1412 3236 occurrit,

141 3251 193 3317 sed
215 3249 335 3316 Sullam
358 3249 516 3332 δικτάτωρ
542 3247 733 3333 appellatum
760 3249 794 3312 in
820 3251 948 3314 senatus
973 3250 1118 3314 consulto
1140 3248 1178 3314 de
1200 3247 1411 3314 Stratonicen·

141 3348 226 3413 sibns
252 3346 326 3411 anni
353 3341 510 3430 etalem)
541 3343 726 3428 reperimus,
756 3347 788 3409 et
819 3344 978 3427 δικτάτωρ
1010 3345 1043 3408 iu
1074 3342 1216 3411 Cameris
1240 3344 1348 3409 titulis
1379 3349 1412 3410 et

140 3443 248 3508 edictis
279 3440 363 3526 apud
392 3438 561 3523 Iosephum
595 3435 817 3524 conservatis⁸)
844 3444 1014 3527 comparet
1061 3439 1168 3525 Atque
1194 3443 1231 3503 ut
1259 3439 1412 3505 vocabula

141 3539 178 3605 de
200 3535 464 3623 appellationibus
486 3535 725 3620 magistratuum
747 3537 923 3600 ceterorum
946 3534 1086 3600 derivata
1107 3536 1141 3600 iu
1162 3558 1222 3600 usu
1244 3539 1346 3619 erant,
1367 3536 1412 3599 ita

141 3634 223 3719 apud
244 3632 446 3716 Dionysium,
468 3629 684 3713 Plutarchum,
706 3626 847 3694 cassium
866 3629 1002 3696 Dionem
1021 3632 1197 3695 invenimus
1215 3631 1411 3715 decrescet«,

141 3751 247 3796 rocem
260 3750 318 3814 per
330 3727 507 3812 analogiam
522 3726 644 3790 illarum
658 3725 803 3808 ὑπατεία,
817 3728 993 3809 στρατηγία
1013 3728 1046 3791 et
1058 3730 1231 3791 ceterarum
1249 3747 1411 3809 perperam

141 3824 315 3907 formatam,
332 3844 405 3888 cum
423 3842 499 3887 voce
517 3822 710 3904 δικτατοῦρα
727 3819 824 3886 semel
841 3841 916 3884 usus
935 3821 977 3884 sit
994 3817 1142 3906 Lycur),
1160 3823 1193 3885 ot
1208 3820 1411 3905 participium

142 3920 376 4004 δικτατορεύων
393 3947 436 3970 =
454 3917 582 3982 dimeter
603 3917 634 3979 in
657 3936 721 3980 uno
743 3914 890 3999 Dionysii
904 3911 1121 4000 fragmento&
1144 3918 1295 3980 occurrat

227 4013 288 4079 Sed
318 4012 544 4098 appellationes
578 4012 819 4096 magistratuum
854 4011 1056 4094 antiquorum
1092 4012 1266 4074 ceterorum
1297 4007 1412 4075 Graece

142 4111 345 4195 transmiptae
366 4129 432 4173 non
453 4107 661 4192 reperiuntur,
687 4106 750 4170 nisi
775 4106 810 4169 in
835 4105 938 4169 titulis
960 4105 1073 4170 aetatis
1095 4104 1314 4186 imperatoriae
1336 4104 1414 4170 inie-

142 4206 232 4270 rioris
254 4210 286 4269 et
307 4202 390 4289 apud
413 4202 545 4287 Lydum.
588 4199 697 4285 ltaque
720 4201 816 4266 semel
837 4200 930 4265 nobis
952 4198 1091 4263 occurrit
1112 4198 1146 4262 in
1162 4198 1258 4264 titulo
1276 4199 1412 4282 quodum

143 4301 215 4365 anni
234 4297 328 4386 146⁸)
346 4298 534 4364 vocabulum
551 4296 654 4362 meae
671 4293 788 4360 Graece
806 4296 1044 4379 mnscnptum
1062 4297 1095 4359 et
1111 4292 1250 4379 primum
1267 4294 1301 4358 in
1318 4293 1412 4359 titulo

229 4524 254 4614 t)
271 4520 312 4576 De
325 4521 432 4614 radone
445 4535 525 4575 voces
533 4518 646 4610 Iastium
655 4516 766 4610 limeis
779 4515 880 4572 litteris
894 4515 1033 4609 scribendi
1046 4515 1081 4571 ci.
1091 4515 1237 4588 Eokiuper,
1250 4514 1302 4572 Dis
1315 4513 1414 4571 0rtbo·

144 4599 256 4748 ’Ἢ
271 4593 1183 4744 rrrslurssrlrstmsffir,
1192 4598 1275 4743 tt.
1288 4670 1301 4726 1
1314 4675 1357 4728 a

228 4758 255 4817 el
271 4755 329 4810 Ait
342 4752 404 4808 x1v
418 4759 444 4807 o.
532 4755 559 4820 e)
575 4750 619 4806 1s.
633 4749 696 4805 xlv
710 4754 778 4805 1004
792 4774 825 4796 -
839 4747 908 4806 lca
921 4747 936 4804 1
950 4754 1009 4806 tu.
