2976 5130
559 266 600 323 Dc
617 265 769 324 officiorum
786 265 998 337 muntiant
1371 265 1405 333 19
1455 319 1458 324 .

147 431 228 494 circa
241 430 389 493 cantenor
395 424 429 513 ¹).
456 426 567 511 ltaque
580 424 682 489 ordini
692 421 894 489 Macedonico
908 423 1075 510 respondet
1087 425 1262 510 appellatio
1275 428 1405 512 λόχος·-

40 540 48 571 ⁸
145 526 294 609 cmlrrrio,
318 544 398 607 quae
420 522 502 608 apud
525 519 713 605 Dionysium
736 523 781 602 et,
802 524 839 584 nt
860 518 995 603 ridetur,
1016 517 1227 587 Plutarchum
1248 522 1406 604 invenitur,

40 574 49 733 1
146 619 199 682 aed
229 619 334 683 miuus
360 623 503 684 accurate
529 613 682 680 vocabulo
709 613 758 677 uei
785 619 860 678 runt
884 612 1046 697 Appiano·
1072 636 1132 699 pro
1160 615 1351 700 manipulum,
1375 618 1406 679 ut

40 742 50 799 χ
148 715 276 796 videtur,
297 711 449 797 loaephur
476 713 545 872 Ἦυί
572 732 646 775 eane
672 707 832 773 rocabolir
859 707 1046 773 militaribus
1069 710 1203 777 minime
1222 716 1333 788 exacte
1351 714 1407 775 nte

44 804 50 889 ζ
147 807 251 894 batur)
277 813 311 872 et
333 808 457 874 Caecius
510 808 540 871 io
567 827 625 888 pro
650 803 767 885 colora,
793 824 866 867 cum
888 802 921 866 in
942 802 1102 888 gloeaariia
1124 826 1186 888 pro
1208 813 1313 878 λαταο
1332 825 1407 890 repe·

43 896 50 939 ἶ
146 905 251 967 riatur.
293 902 336 967 Et
357 904 441 987 quod
463 903 502 967 ed
524 899 710 967 vocabulum
732 895 820 974 τάξις
841 899 1047 978 attinet-non
1068 897 1235 966 aliterue·
1255 923 1292 966 ae
1310 900 1408 982 habau

45 978 51 1075 ¹:
147 1021 217 1061 nam
242 1000 503 1064 mercenariorum
522 994 710 1061 Graecorum
729 992 885 1057 maximoe
903 992 979 1057 ordo
996 996 1063 1057 erat
1080 991 1178 1077 τάξις,
1199 1016 1282 1080 qnae
1299 995 1408 1062 mnltor

47 1106 53 1177 ζ
146 1094 177 1156 iu
206 1092 314 1157 lochoe
340 1091 582 1177 dividebatur'),
607 1094 643 1153 ut
671 1085 877 1151 Macedonum
904 1084 1075 1174 quoque'),
1100 1088 1158 1153 red
1184 1090 1219 1155 in
1239 1089 1334 1157 rebor
1354 1089 1409 1156 Ro

50 1190 54 1201 “
146 1190 245 1252 mania
267 1189 436 1272 appellatio
458 1188 546 1264 τάξις
567 1183 649 1267 apud
668 1181 848 1266 Appianum
868 1203 924 1266 pro
941 1182 1053 1265 colora,
1074 1182 1107 1247 in
1127 1183 1293 1268 glomuni·
1310 1192 1344 1252 et
1357 1204 1410 1271 pru
1448 1242 1449 1247 ,

49 1322 54 1335 ·
145 1284 247 1347 colore
267 1289 300 1348 et
321 1305 378 1366 pro
400 1283 475 1363 λοχία
497 1282 662 1361 comparet

230 1377 335 1441 Etiam
371 1375 596 1459 praefectorum
633 1371 771 1436 militum
807 1370 924 1437 multae
958 1371 1188 1457 appellationes
1218 1374 1260 1440 de
1292 1373 1411 1441 (lraedr

49 1456 73 1545 ,ε’
142 1456 287 1557 ¹numptae
313 1477 394 1535 aunt
438 1468 575 1543 Quarum
603 1467 728 1550 quidem
755 1489 871 1552 genera
891 1467 953 1532 dno
974 1467 1188 1555 reperiuntur3
1212 1468 1348 1536 alterum
1367 1473 1413 1537 ert

144 1589 262 1649 earum,
296 1587 374 1648 quae
406 1564 443 1627 de
469 1559 631 1625 ordinibua
658 1561 774 1644 quibua
801 1567 965 1646 praeerant
989 1562 1155 1647 praefecti,
1185 1567 1223 1628 nt
1246 1563 1412 1651 ταξίαρχος

54 1702 58 1711 ·
144 1667 176 1724 et
198 1663 345 1744 λοχαγός,
372 1657 518 1739 alterum,
545 1677 624 1738 quae
653 1656 691 1721 de
718 1678 849 1722 numero
873 1657 1009 1722 militum
1031 1678 1111 1741 quoe
1133 1657 1321 1738 continebat
1340 1660 1413 1726 ordo

143 1761 216 1820 eunt
241 1755 411 1834 derivatae,
437 1755 473 1814 ut
500 1753 663 1834 χιλίαρχος
688 1756 721 1815 et
742 1750 980 1836 ἑκατόνταρχος.
1024 1751 1168 1829 Quorum
1190 1753 1413 1838 interpretandi

143 1850 304 1912 modorum
336 1846 420 1910 illiue
450 1844 592 1929 exempla
617 1850 717 1910 rariue
744 1847 829 1931 apud
855 1847 1035 1931 ecriptorer,
1066 1846 1163 1912 huius
1189 1849 1318 1932 caepinu
1345 1871 1414 1914 cnm

143 1943 223 2027 apud
245 1941 412 2024 scriptores
436 1945 502 2004 tum
525 1941 559 2005 in
581 1942 683 2006 titulia
705 1947 897 2026 comparent
930 1941 1036 2027 Atque
1055 1946 1092 2007 nt
1108 1942 1256 2008 ordinum
1274 1944 1414 2028 ipeornm

49 2070 54 2121 3
141 2037 365 2121 appellationea
388 2042 476 2100 erant
498 2035 647 2120 incertae,
669 2039 714 2101 ita
736 2059 812 2102 usur
835 2036 1058 2102 vocabulorum
1079 2037 1119 2102 de
1141 2037 1182 2103 ii·
1203 2037 1414 2106 derivatorum

43 2140 52 2223 ,⁴
140 2132 223 2196 haud
249 2136 394 2195 constane
408 2135 500 2215 'erat3
533 2153 604 2195 nam
631 2131 814 2216 ταξίαρχος,
844 2133 908 2197 aire
935 2132 962 2196 ir
988 2133 1043 2216 qui
1069 2132 1138 2196 taxi
1163 2138 1303 2218 praeeat,
1334 2135 1416 2220 apud

44 2232 50 2285 ζ
139 2226 307 2309 Polybium
339 2230 370 2290 et
402 2227 434 2290 in
465 2227 626 2311 glossariis
658 2249 716 2310 pro
747 2229 893 2309 centurio,
924 2227 1006 2311 apud
1032 2227 1203 2312 scriptore·
1228 2229 1345 2295 aetati·
1371 2231 1416 2295 in·

139 2321 261 2385 serioris
296 2342 354 2404 pro
391 2322 530 2386 tribunae
559 2323 704 2404 militum,
740 2327 776 2386 nt
807 2322 885 2387 milri
916 2322 1042 2406 quidem
1072 2322 1211 2406 ridetur,
1244 2331 1416 2410 comparet,

139 2416 283 2500 idemque
318 2415 506 2481 vocabulum
537 2416 618 2500 Lydi
653 2422 755 2481 aetate
788 2439 847 2502 pro
877 2418 1054 2483 ordirrorirce
1083 2421 1153 2483 mat
1183 2418 1217 2482 in
1245 2440 1317 2485 uua.
1366 2421 1416 2487 Ex

139 2510 253 2592 quibua
280 2511 564 2596 significationibua
595 2513 767 2577 rectissime
794 2513 917 2577 videtur
943 2511 1045 2577 dictur
1071 2534 1140 2577 erae
1167 2513 1308 2580 roam
1334 2517 1416 2580 aruli-

38 2634 42 2678 ;
139 2611 214 2687 tetur,
246 2607 300 2689 qui
332 2627 445 2691 magno
475 2606 578 2671 ordini
609 2607 745 2671 militum
777 2612 933 2691 praeerat,
962 2611 999 2671 ut
1029 2607 1210 2674 taxiarchum
1240 2607 1416 2701 Athenien·

37 2694 43 2753 '³
138 2702 218 2764 aium
242 2707 274 2765 et
296 2700 602 2787 mercenariorum),
624 2703 678 2785 qui
705 2703 766 2766 aoli
791 2702 884 2767 nobie
911 2702 1029 2788 cogniti
1056 2707 1141 2768 runt
1183 2701 1286 2788 Magia
1308 2708 1416 2772 tamen

40 2786 44 2791 ’
138 2801 316 2860 constanter
337 2796 505 2860 utebantur
526 2799 695 2881 scriptores
718 2797 871 2862 vocabulo
890 2800 1035 2882 λοχαγός,
1056 2797 1144 2881 qnod
1162 2819 1294 2882 comper,
1316 2822 1415 2884 quan·

36 2966 41 2979 ρ
138 2894 205 2953 tum
236 2912 296 2976 ogo
327 2891 452 2975 quidem
484 2893 594 2973 eciam,
629 2915 687 2977 pro
717 2893 850 2957 mutio
880 2897 1052 2977 comparet,
1087 2893 1172 2958 sicut
1201 2895 1297 2958 eriam
1328 2897 1414 2981 apud

10 3016 40 3065 .,·
138 2984 323 3050 Macedones
352 2991 493 3070 praeerat
523 2985 674 3072 lochagua
705 2993 831 3052 centum
862 2988 998 3051 militum
1028 2985 1171 3075 locho⁸),
1205 3008 1278 3054 cum
1310 2997 1414 3057 aetate

10 3070 39 3151 ,s
138 3080 314 3163 antiquiore
340 3081 502 3144 ordinibua
529 3082 622 3146 modo
650 3084 772 3168 magula
800 3082 894 3147 modo
916 3083 1020 3166 parvie
1042 3081 1171 3169 lochugi
1190 3085 1414 3173 pmeaaentff

10 3189 13 3245 ζ
138 3174 180 3238 Et
206 3180 242 3238 ut
269 3181 502 3258 llr1==turmo
528 3199 547 3240 a
568 3176 702 3262 Polybio
729 3179 951 3262 usurpabatur,
977 3180 1022 3241 ita
1048 3177 1135 3263 apud
1159 3200 1230 3244 eum
1251 3179 1414 3248 invenitur

30 3336 37 3349 ,
138 3271 269 3354 ἰλάρχης
287 3301 328 3323 =
346 3272 464 3336 decurio
495 3277 625 3354 turrice,
656 3294 736 3357 quae
766 3272 936 3358 appellatio
967 3278 1000 3338 et
1025 3273 1094 3357 ipaa
1121 3271 1161 3338 de
1186 3272 1412 3342 Macedonibua

137 3370 262 3449 sumpta
283 3364 370 3452 eatl).
405 3365 512 3430 Etiam
534 3369 616 3450 apud
634 3367 856 3455 Appianum⁸),
877 3389 1032 3452 nusquam
1054 3371 1164 3432 tamen
1184 3367 1268 3452 apud
1290 3375 1411 3442 cateroo

31 3468 38 3531 ξ
136 3465 296 3543 comparet
319 3461 462 3547 ἰλάρχης,
488 3484 568 3545 quae
590 3484 666 3546 vox,
692 3462 777 3545 qnod
800 3463 934 3529 maxime
956 3462 1135 3527 mirandum
1159 3467 1218 3546 eet,
1245 3485 1409 3550 nunquam

30 3546 38 3627 ξ
131 3557 316 3635 praefecturii
337 3555 407 3619 clue
428 3557 539 3621 aetatis
563 3558 718 3622 inferioris
741 3558 894 3643 designat,
915 3558 975 3622 etei
995 3558 1049 3622 clu
1069 3580 1128 3642 per
1150 3557 1337 3625 vocabulum
1355 3566 1409 3647 λλχ

33 3636 39 3711 Ξ
137 3669 258 3732 semper
287 3649 481 3716 reddebatur.
527 3651 643 3716 Contra
674 3652 845 3737 appellatio
875 3653 1028 3738 generalia
1060 3654 1220 3738 ἵππαρχος
1249 3651 1331 3740 (aire
1357 3657 1411 3721 lu·

32 3726 39 3805 ἶ
137 3742 271 3828 πᾶρχης)
298 3747 382 3828 apud
404 3744 574 3831 Iosephum
594 3751 781 3830 praefectum
808 3749 890 3831 clue,
915 3744 998 3831 apud
1019 3747 1202 3832 Appianum
1221 3751 1409 3832 mmm

136 3839 267 3917 muitum
293 3841 405 3904 aetatia
431 3841 548 3907 liberae
574 3841 757 3930 designatl).
802 3842 881 3907 'l'um
908 3847 944 3907 ur
966 3847 1109 3928 ἴλαρχος,
1137 3843 1183 3907 ita
1203 3843 1242 3908 de
1264 3842 1410 3911 Macedo-

224 4045 249 4111 r)
267 4042 306 4098 cr.
325 4044 415 4101 aeuo
432 4052 483 4101 aar
501 4050 530 4102 er
547 4047 641 4120 arelo.

221 4123 248 4188 2)
266 4120 305 4175 Ol.
323 4122 361 4176 id.
379 4129 438 4180 uto.
466 4125 506 4179 De
524 4125 655 4181 vocabulo
672 4125 797 4198 gouerssi
815 4143 895 4181 oanan
911 4127 1043 4195 ururpato
1060 4125 1096 4181 cl.
1115 4125 1156 4182 iu
1168 4130 1227 4184 m.

221 4202 248 4266 8)
266 4197 305 4254 cl.
324 4199 361 4254 id.
380 4207 438 4256 424.
457 4208 516 4257 482.
599 4208 626 4273 4)
644 4204 683 4259 Cf.
702 4204 739 4258 iu
759 4208 818 4258 ul.
838 4209 896 4258 uto.
974 4207 1001 4273 t)
1018 4202 1047 4258 Ρ.
1066 4202 1170 4272 lleyer,
1187 4203 1349 4260 Haerereuu
1362 4211 1406 4261 to.

221 4280 247 4344 o)
267 4275 295 4330 Ε.
314 4295 341 4348 g.
355 4278 478 4348 Spartae,
496 4281 545 4336 ubi
557 4281 689 4353 lochagur
702 4281 878 4353 polemarclro
891 4281 1029 4352 proximor
1043 4281 1141 4336 ordine
1158 4283 1225 4352 arat,
1243 4282 1332 4338 Bauer
1345 4287 1406 4338 80².

221 4357 247 4422 7)
264 4353 364 4409 Ilarchi
382 4356 411 4410 ln
428 4359 565 4429 Aegypto,
582 4359 612 4415 P.
630 4357 724 4430 Meyer
741 4365 783 4415 tt.

219 4433 247 4499 8)
265 4430 374 4502 ἴλαρχος
384 4459 415 4480 -ι
425 4435 540 4503 decurio,
558 4439 591 4492 ut
607 4437 675 4492 milri
693 4436 805 4507 quidam
823 4432 938 4503 ridetur,
955 4436 1072 4508 appion.
1091 4435 1172 4509 Hirp.
1184 4443 1229 4493 tt.

220 4508 305 4587 ⁹lD⁸
322 4510 366 4565 hir
383 4511 530 4583 praelecti·
548 4514 672 4584 equitum
689 4514 724 4594 cl.
742 4513 867 4570 llommr.
884 4513 948 4570 sua
965 4512 990 4568 Π
1005 4517 1054 4569 ill
1073 4514 1138 4572 adn.
1153 4519 1178 4570 4.

257 4599 262 4610 .
1163 4601 1198 4658 χ,
