2976 5130
10 25 296 131 Ε
420 90 426 108 ¹*

209 221 212 228 .

146 472 189 538 38
537 471 580 526 De
597 469 792 525 vocabulorum
808 469 1029 540 trmscriptioue.

147 653 273 716 quoque
290 635 327 696 ut
344 631 377 695 in
394 630 497 695 titulis
514 629 707 715 papyrisque
725 630 897 712 invenitur,
914 629 960 693 ita
976 649 1131 712 nusquam
1147 628 1231 712 apud
1248 628 1426 713 scriptores,

149 748 221 790 cum
243 726 278 790 in
299 727 402 790 titulis
423 747 489 790 non
511 729 679 791 occurrant
701 723 854 790 vocabula
875 724 1064 807 scriptorum
1083 723 1323 810 ἑκατονταρχία,
1340 725 1425 810 quod

148 822 182 886 in
211 821 339 906 papyris
370 843 446 886 sane
474 842 574 904 aeque
605 842 642 885 ac
673 823 827 903 κιντυριά
856 820 1025 902 reperitur,
1057 823 1090 882 et
1120 820 1229 903 λόχος,
1258 840 1338 904 quae
1368 841 1426 904 per

147 917 413 1001 comparationem
435 921 505 980 orta
528 937 595 980 esse
617 937 713 1000 supra
734 915 879 980 vidimus
928 913 997 980 Neo
1023 913 1114 978 aliter
1138 935 1190 978 res
1216 937 1249 980 se
1270 914 1366 979 habet
1386 913 1425 979 de

148 1011 312 1076 ordinibus
346 1011 558 1096 equestribus,
592 1032 666 1074 nam
703 1031 893 1094 quamquam
929 1014 983 1092 ἴλη
1016 1006 1099 1094 (siva
1134 1007 1219 1095 ιῖλη)
1256 1009 1425 1094 appellatio

149 1107 311 1172 sollemnis
337 1108 405 1171 alae
436 1107 554 1190 passim
581 1106 750 1190 reperitur,
776 1109 813 1169 ut
839 1127 935 1189 supra
961 1104 1081 1169 dictum
1108 1109 1169 1187 est,
1199 1109 1305 1170 tamen
1332 1105 1426 1170 nobis

148 1202 286 1268 occurrit
311 1206 344 1266 et
370 1203 403 1266 in
430 1201 533 1266 titulis
560 1205 592 1265 et
619 1202 653 1265 in
679 1201 808 1285 papyris
834 1199 938 1264 forma
964 1201 1024 1283 ἄλη
1051 1197 1133 1286 (siue
1159 1197 1249 1287 ἅλα),
1276 1222 1335 1266 nec
1360 1222 1426 1265 non

145 1295 315 1382 aliqnando
349 1297 510 1362 invenitur
545 1297 650 1379 τύρμη
685 1293 768 1382 (sive
796 1292 949 1381 τούρμη),
984 1316 1055 1361 cum
1091 1295 1259 1379 scriptores
1295 1295 1426 1361 vocibus

147 1393 289 1476 οὐλαρός
314 1397 346 1456 et
374 1398 426 1474 ἴλη
452 1413 511 1476 pro
538 1395 644 1455 turma
671 1391 721 1455 usi
748 1390 821 1456 sint
870 1389 988 1454 Contra
1013 1389 1201 1455 vocabulum
1223 1390 1317 1474 illud,
1341 1391 1426 1475 quod

148 1488 244 1553 modo
267 1491 368 1552 aetate
390 1487 539 1552 inferiore
561 1486 595 1549 in
618 1508 678 1551 usa
699 1490 780 1569 erat,
800 1486 969 1569 ventilatio,
990 1507 1053 1550 non
1076 1488 1239 1571 comparet
1258 1485 1321 1550 nisi
1342 1488 1426 1550 trau·

149 1583 316 1667 scriptum,
341 1583 407 1647 sive
434 1583 468 1646 in
494 1581 606 1647 formis
637 1579 885 1664 οὖηξιλλοιτίων,
914 1579 1154 1665 οὐιξιλλοτίων,
1178 1579 1366 1664 petitorias
1392 1581 1427 1647 in

148 1676 251 1742 titulis
272 1678 463 1763 papyrisque
485 1679 683 1742 saeculomm
705 1677 790 1742 tertii
812 1698 850 1741 ac
871 1676 991 1761 quarti,
1012 1676 1079 1742 sive
1095 1675 1310 1760 βηξιλλοιτίωιι
1329 1676 1425 1744 semel

148 1772 231 1857 apud
248 1770 370 1856 Lydum
378 1771 404 1858 ¹)
422 1777 455 1837 et
472 1773 506 1836 in
524 1772 696 1858 glossariis.
731 1770 812 1838 Item
830 1771 1057 1856 appellationes
1075 1772 1213 1837 militum
1231 1772 1426 1838 divemomm

148 1890 298 1955 generum
321 1890 413 1952 saepe
431 1867 730 1933 transcribebautur.
766 1865 878 1951 Itaque
895 1867 1069 1951 reperimus
1086 1866 1171 1952 apud
1188 1866 1426 1955 Plutarchum')

96 1998 103 2007 ·
146 1963 356 2048 μανιιτλάριοι
374 1994 416 2016 =
435 1963 658 2045 monilrulares,
676 1963 759 2047 apud
776 1961 944 2047 Polybium
963 1961 1140 2049 ἇοτᾶτοι),
1158 1962 1242 2047 apud
1258 1961 1426 2047 Polybium

148 2064 181 2124 et
201 2058 388 2144 Dionysium
410 2057 613 2144 τιρίροιιτιεῴ)
636 2062 669 2122 et
689 2059 845 2142 τριάριοι,
871 2058 905 2122 ἰιι
927 2057 1029 2122 titulis
1050 2063 1083 2122 et
1104 2057 1190 2142 apud
1210 2057 1424 2124 Herodianum

147 2155 383 2238 πραιτωριιινός
410 2157 443 2219 et
469 2155 668 2238 στρατιώτης
688 2155 939 2238 πραιτωριανός,
965 2152 1100 2237 denique
1126 2153 1210 2238 apud
1239 2152 1425 2238 Dionysium

149 2254 182 2315 et
206 2248 330 2332 Lydum
356 2247 511 2333 κελέριοι,
537 2249 622 2334 apud
648 2247 853 2313 Plutarchum
875 2246 1012 2331 κέλερες.
1056 2248 1164 2313 Etiam
1189 2247 1252 2314 alia
1275 2249 1428 2315 vocabula

148 2345 268 2409 rariora
293 2344 326 2408 in
349 2344 451 2409 titulis
472 2345 664 2430 papyrisque
685 2343 778 2408 nobie
805 2347 988 2427 occurrunt,
1009 2345 1215 2429 οτιουτιέριος,
1242 2345 1428 2430 λογιιιᾶριος

149 2438 229 2525 (sive
260 2438 457 2527 λογκιάρις),
488 2441 629 2523 οτάτωρ,
660 2442 857 2523 πρωτήιιτωρ
889 2437 970 2525 (sive
998 2438 1209 2526 τοροτίκτωρ),
1240 2441 1429 2526 σιγγλάριος

149 2535 229 2621 (sive
256 2535 290 2599 in
315 2536 444 2619 papyris
471 2540 504 2600 et
530 2534 615 2620 apud
641 2534 765 2618 Lydum
792 2531 1051 2620 οτγγουλᾰριος),
1077 2535 1323 2620 οτοτιωνιὶριος,
1349 2559 1427 2620 προ·

151 2640 257 2714 paroc
273 2626 383 2714 (etiam
400 2641 568 2714 apopores
588 2631 622 2695 in
638 2628 755 2715 plurali
772 2627 927 2716 format),
944 2630 1136 2714 vlovoaea'erog,
1154 2630 1285 2716 aliaque
1320 2631 1426 2696 Etiam

150 2726 267 2810 passim
290 2725 448 2790 invenitur
469 2725 658 2791 vocabulum
680 2731 839 2791 odoratas
859 2724 1097 2808 transcriptum,
1124 2725 1299 2810 οὒειρανός
1321 2726 1428 2813 vulgo,

149 2821 363 2904 parperiam
391 2820 493 2886 tribus
520 2822 623 2887 titulis
649 2822 762 2886 aetatis
789 2818 972 2906 incertae‘),
997 2824 1053 2884 aut
1072 2821 1246 2904 βετιρονός
1273 2822 1306 2885 in
1333 2823 1427 2888 titulo

150 2915 271 2980 urbano
288 2920 321 2980 et
337 2915 408 3000 ipso
426 2918 538 2983 aetatis
556 2914 726 3003 ineertae')
748 2921 782 2981 et
798 2915 882 3001 apud
899 2914 1034 2999 Lydum,
1055 2937 1128 2982 cum
1151 2915 1235 3001 apud
1258 2917 1428 3002 scriptores

150 3015 269 3076 eeteros
298 3013 495 3095 reperiantur
524 3012 692 3098 participia
722 3010 988 3097 ἐστρατευμένος,
1018 3010 1329 3096 caussatorem,
1364 3011 1473 3091 tes--

150 3104 391 3191 οτρατευμένος.

237 3199 328 3278 Quod
367 3201 407 3266 ad
446 3203 622 3287 praefectos
663 3202 801 3267 militum
837 3207 871 3267 et
888 3203 889 3206 ’
904 3202 1093 3287 principales
1131 3203 1268 3290 legionis
1307 3204 1429 3289 attinet,

151 3297 267 3361 multas
302 3296 529 3381 appellationes
567 3298 772 3383 manscriptas
809 3298 844 3363 in
881 3298 982 3362 titulis
1019 3298 1210 3383 papyrisque
1246 3299 1429 3385 reperimus,

151 3391 220 3476 sed,
256 3394 294 3455 ut
324 3413 342 3457 e
374 3392 492 3458 tabulis
528 3394 635 3458 statim
674 3395 889 3480 intellegetur,
928 3394 1085 3477 imprimis
1124 3390 1308 3459 inferiorum
1348 3395 1430 3460 ordi·

151 3509 228 3552 nnm
268 3489 506 3571 praefectorum.
570 3487 655 3554 Nam
696 3510 888 3574 quamquam
925 3489 960 3553 in
1001 3488 1124 3554 dnobus
1166 3488 1269 3554 titulis
1311 3491 1428 3556 saeculi

151 3605 179 3646 a
201 3579 272 3646 chr.
296 3604 327 3646 n
351 3583 447 3667 primi
478 3582 648 3670 ineuntis⁸)
680 3584 839 3650 inuenitur
868 3605 931 3649 vox
964 3583 1147 3668 ἰριτεροὶτωρ
1178 3584 1217 3651 (le
1247 3584 1281 3650 L
1306 3584 1430 3653 Licinio

151 3676 282 3744 Murena
309 3677 539 3764 triumphatore
570 3701 653 3745 anno
684 3680 807 3764 (ilblssl
836 3679 935 3763 (licta,
965 3701 1126 3766 nunquam
1157 3685 1262 3745 tamen
1293 3680 1430 3766 appella·

151 3773 255 3837 tiones
286 3773 401 3855 topatus
431 3774 559 3857 teyioais
590 3779 622 3840 et
652 3776 792 3840 tribuens
818 3775 952 3839 melitum
978 3775 1243 3859 transcribantur,
1271 3776 1430 3842 rarissime

146 3869 326 3950 praefertur.
378 3867 451 3936 Hoc
483 3869 674 3935 vocabulum
706 3869 790 3956 apud
820 3868 1022 3956 Polybium)
1058 3891 1133 3934 sane
1167 3871 1260 3937 nobis
1295 3873 1432 3937 occurrit

152 3962 266 4027 litteris
289 3961 414 4028 Graecis
436 3966 605 4049 scriptum,
627 3965 712 4049 quod
728 3971 916 4047 praesectam
937 3967 1052 4030 οοοίιιιιι
1072 3964 1229 4050 designet,
1252 3987 1343 4050 quem
1366 3967 1430 4032 alio

153 4058 279 4142 quidem
302 4057 417 4146 loco¹⁰)
439 4061 577 4145 scriptor
600 4063 741 4145 ἔπαρχος
766 4060 942 4144 appellasse
968 4058 1106 4142 videtur,
1132 4059 1186 4124 sed
1212 4067 1372 4146 praeterea
1398 4063 1431 4127 in

242 4213 268 4281 1)
286 4211 358 4282 Mag.
371 4211 384 4266 1
398 4218 440 4268 tt.
545 4216 573 4283 2)
591 4213 669 4268 Rom.
683 4218 708 4269 8.

241 4293 267 4358 t)
285 4289 400 4354 ᾶοτιιτος
408 4290 494 4344 diam
503 4291 532 4344 in
543 4290 626 4344 titulo
636 4291 753 4361 graphio
763 4290 902 4360 insculpto
910 4289 1161 4359 Hierosolymitauo
1174 4289 1213 4345 Le
1223 4290 1276 4344 llas
1285 4289 1323 4344 111
1333 4297 1430 4346 litote.

240 4371 267 4436 4)
285 4366 315 4420 Iu
329 4367 412 4422 titulo
426 4368 546 4423 Pisidica
564 4368 640 4437 (cio.
655 4375 721 4423 4881
731 4368 760 4438 b)
778 4368 881 4439 legitur
894 4369 1060 4436 πρατιῦτηιτ
1074 4364 1255 4434 apinam...
1266 4393 1298 4414 ι-
1306 4370 1433 4439 pritreepr

155 4445 305 4498 secuudum
323 4444 505 4514 Emathium,
523 4464 586 4501 eum
605 4449 771 4516 στρατιώτην
788 4444 991 4518 neustrasius]
1005 4471 1037 4492 -
1051 4445 1126 4500 mila
1138 4446 1305 4516 punetpate'r
1322 4445 1430 4515 supple

156 4522 227 4577 verit
244 4521 358 4591 cignei,
375 4522 444 4578 1012.
459 4524 496 4577 llI
510 4529 562 4578 ttt
577 4549 608 4571 -
624 4529 684 4579 bot.
781 4528 808 4595 t)
825 4522 1064 4594 uyamfflss.
1078 4521 1153 4578 1112.

241 4604 268 4665 t)
286 4599 330 4655 1o.
343 4600 405 4655 xlv
419 4607 484 4667 aasg
501 4601 568 4657 cm.
582 4607 665 4668 ⁸¹123
683 4601 760 4656 BCH.
774 4601 813 4656 xl
826 4606 886 4655 484.
966 4603 993 4672 t)
1010 4599 1055 4656 lo.
1069 4598 1133 4654 XIV
1146 4606 1223 4657 uto.

242 4679 268 4747 e)
285 4676 329 4732 1o.
343 4677 393 4733 xu
408 4684 476 4746 ms
490 4706 523 4727 -
537 4678 700 4746 pittacum
718 4678 819 4734 meu
832 4677 858 4733 11
871 4681 956 4732 arsa
1044 4681 1072 4748 a>
1089 4676 1257 4748 virosa
1273 4691 1363 4748 aspa

225 4754 415 4824 mnus
736 4776 739 4780 ¹
1160 4764 1162 4768 ⁴
