2976 5130
475 294 879 376 &winierium
1279 294 1326 370 tr

47 473 130 559 quod
156 471 216 535 hac
242 468 454 553 appellatione
479 465 666 531 fruebantur
691 464 847 548 praesides
872 463 1105 548 provinciarum
1129 453 1330 548 caterarnm3

47 587 199 651 nusquam
221 564 319 648 anim,
343 561 428 646 quod
450 582 511 647 ego
533 559 657 644 quidam
682 558 793 643 sciam,
814 557 936 624 latinis
958 559 993 624 in
1013 556 1118 623 titulis
1139 556 1329 641 appellatur

47 661 221 749 praefectus
243 655 383 744 Aegypti
409 656 458 720 air
481 655 677 720 dotatore.
724 652 852 718 Praeter
877 653 1099 738 λαμπρότατος
1125 650 1328 717 adiectivum

49 777 172 842 quoque
192 752 361 836 κράτιστος
383 750 422 815 ad
444 751 628 836 dignitatem
650 749 837 812 senatoriam
859 747 1057 813 indicandam
1085 745 1230 811 additum
1254 767 1329 812 ease

49 850 138 916 valde
160 851 323 930 miramur3
344 846 461 910 etenim
483 849 546 909 iam
568 848 669 909 aetate
686 841 838 908 Hadriani
860 842 908 906 vir
929 842 1050 907 ordinis
1072 841 1225 906 senatorii
1246 843 1357 938 xpri·

48 962 154 1022 τιστος
179 940 356 1027 appellatus
382 939 478 1028 est¹),
504 945 537 1006 et
562 942 670 1025 postea
695 938 873 1021 frequentes
900 941 976 1001 sunt
1000 936 1178 1002 locutiones
1201 935 1223 1001 b
1244 938 1328 1022 xpri·

48 1058 154 1116 τιστος
170 1037 391 1120 contutante,
408 1034 427 1100 b
444 1037 613 1120 κράτιστος
630 1033 794 1115 ὑπατικός,
810 1031 829 1097 ὅ
846 1031 1014 1117 κράτιστος
1032 1030 1236 1114 muer,
1254 1032 1330 1116 qui·

49 1137 107 1200 bus
136 1132 281 1199 omnibus
305 1131 386 1196 locis
413 1131 636 1215 expectabatur
661 1130 887 1212 λαμπρότατοςῚ
931 1127 1037 1210 Atque
1063 1126 1125 1190 boc
1151 1145 1190 1190 co
1219 1128 1330 1212 magia

50 1229 223 1294 mirandum
246 1230 303 1309 est,
325 1227 411 1310 quod
433 1225 452 1290 t
474 1227 642 1311 apotomae
663 1221 760 1306 vulgo
784 1223 816 1286 in
833 1243 892 1286 usn
909 1227 978 1285 erat
995 1242 1060 1306 quo
1078 1219 1330 1305 designarentur

52 1328 266 1410 procuratores
292 1322 455 1406 dignitatis
482 1319 646 1404 equestris,
672 1320 709 1378 ut
731 1315 750 1380 ὁ
774 1317 940 1400 κράτιστος
957 1347 1000 1369 -
1017 1315 1227 1398 οἱα-Μαι
1251 1320 1287 1381 et
1308 1317 1331 1384 ὁ

52 1420 217 1505 κράτιστος
240 1417 411 1500 ἐπίτροπος
423 1445 464 1468 =
474 1416 653 1496 praesentor
673 1412 807 1492 egregins
823 1412 938 1494 passim
957 1408 1113 1475 intituli·
1129 1410 1332 1496 papyriaque

52 1514 123 1579 inda
144 1513 183 1577 ab
205 1533 287 1575 anno
311 1511 375 1574 144
397 1504 630 1593 reperiantur’).
675 1503 759 1580 Quin
787 1506 880 1570 etiam
907 1507 940 1570 in
966 1505 1071 1570 titulis
1094 1503 1332 1592 cuntramn-

54 1611 176 1674 renitur
202 1594 369 1690 appellatio
399 1605 420 1687 sl
445 1605 596 1687 κρατίστη
627 1599 665 1663 dc
696 1599 813 1664 femina
837 1601 955 1664 ordinis
981 1598 1137 1684 equam·
1159 1606 1333 1686 usurpateg

54 1722 239 1787 quamquam
269 1699 388 1763 locutio
416 1698 536 1780 sentino
564 1696 681 1778 egregia
710 1716 863 1779 nusquam
894 1696 929 1760 in
954 1694 1078 1760 Latinis
1108 1697 1332 1763 monumentis

53 1794 210 1882 legitur⁴),
240 1798 276 1856 nt
301 1793 380 1857 baec
407 1790 578 1875 appellatio
609 1790 648 1854 ad
677 1790 914 1855 similitudinem
945 1790 1033 1854 illius
1062 1789 1083 1873 η
1114 1792 1332 1878 λαμπροτάτη

55 1922 95 1944 ==
110 1891 226 1973 fernim
243 1888 417 1954 clarissima
439 1890 510 1950 orta
530 1905 595 1950 ease
617 1883 767 1950 videatur.
814 1885 920 1969 Atque
945 1890 1066 1950 ceteras
1092 1883 1331 1969 appellationes

53 1986 212 2049 bominum
235 1982 353 2047 ordinis
376 1981 542 2065 equestris,
569 2001 625 2064 per
646 2001 724 2064 quas
745 1979 963 2044 indicabantur
984 1979 1156 2066 dignitates
1178 1980 1333 2068 maiorer,
1380 1984 1384 1989 ’

53 2101 148 2163 οοηοο
178 2101 234 2163 per
264 2077 500 2153 translationem
532 2075 667 2139 redditas
697 2075 880 2140 invenimus
928 2073 1041 2159 ltaque
1071 2074 1105 2139 in
1135 2073 1243 2140 titulis
1274 2099 1331 2162 pa·

53 2176 200 2259 pyrisque
222 2174 416 2237 saeculorum
439 2171 525 2236 tertii
548 2192 583 2235 ac
604 2171 708 2252 quarti
726 2170 817 2235 nobis
835 2174 1005 2235 occurrunt
1021 2169 1200 2236 locutiones
1216 2169 1238 2236 b
1255 2171 1331 2239 δια-

53 2272 227 2353 σημότατος
245 2298 286 2321 -
304 2269 353 2332 cir
367 2267 615 2349 perfectissimus,
636 2268 673 2328 ut
694 2265 932 2350 appellabantur
947 2269 1170 2349 procuratores
1187 2265 1331 2334 maiores

53 2364 142 2446 etii,
164 2363 217 2447 qui
239 2361 422 2427 muneribus
445 2383 467 2426 c
487 2360 668 2438 submitso,
689 2361 728 2426 ab
749 2361 898 2446 mittitis,
920 2381 941 2425 a
963 2361 1074 2426 lconis
1100 2358 1333 2450 iungebantur,

53 2463 85 2523 et
114 2458 238 2522 saeculo
269 2462 382 2542 quarto
414 2456 588 2540 praefectus
619 2453 757 2541 Aegypti
789 2476 926 2540 quoqne,
957 2460 1053 2540 atque
1083 2455 1103 2521 t
1129 2453 1334 2540 ἐξοηότατος

54 2583 94 2606 ==
112 2553 445 2635 circumtutoribus,
467 2573 530 2635 qua
551 2550 760 2635 appellatione
782 2551 943 2615 fruebatur
959 2551 1139 2635 praelectus
1155 2553 1334 2639 praetorio,

52 2652 88 2710 ut
115 2648 313 2713 inveniantur
338 2667 402 2712 non
429 2645 532 2711 solum
559 2646 751 2729 ἐξοχώτατος
776 2645 856 2730 ἀνήρ
883 2645 936 2709 sed
963 2645 1060 2710 etiam
1079 2644 1107 2737 Ιὁ
1129 2643 1333 2731 {togatumne

54 2745 114 2807 tna
154 2766 199 2819 oc
1277 2800 1281 2807 .
1313 2797 1320 2808 .

115 2766 246 2903 obtiam
273 2835 501 2920 appellationes
527 2837 747 2928 imperatorum
774 2856 831 2919 per
851 2836 1090 2901 translationem
1114 2833 1233 2901 Graeca
1255 2858 1334 2904 con·

53 2931 265 3014 vertebantur,
290 2931 458 3015 praecipua
485 2953 576 2997 voces
597 2932 754 3013 lepore
779 2934 810 2993 et
831 2930 986 3014 depicto,
1011 2952 1145 3015 quarum
1172 2930 1333 3017 interpre-

53 3027 186 3092 tationes
215 3029 381 3109 Σεβαστός
411 3031 444 3092 et
470 3030 618 3111 Σεβαστή
647 3026 765 3110 ubique
795 3024 828 3089 in
852 3025 956 3090 titulis
982 3029 1016 3090 et
1040 3021 1127 3111 apud
1153 3024 1331 3111 scriptores

53 3126 241 3205 comparent
289 3120 379 3198 Quod
410 3120 596 3186 vocabulum
622 3122 787 3203 Σεβαστός
816 3121 897 3205 apud
925 3119 1073 3206 (irascor,
1104 3125 1142 3187 ut
1167 3143 1233 3188 vox
1258 3123 1332 3189 Asc·

50 3221 156 3296 mutue
177 3219 278 3282 aetate
299 3215 400 3281 libera
417 3216 544 3301 quidem
561 3215 643 3300 apud
661 3214 829 3299 Romanos,
849 3237 914 3281 non
930 3215 994 3282 nisi
1011 3216 1050 3282 de
1067 3215 1135 3282 (leia
1152 3215 1332 3304 dicebatur,

54 3331 115 3392 quo
142 3311 371 3397 significaretur
395 3317 518 3376 mactus
544 3312 608 3376 sive
632 3312 831 3396 emerendae,
861 3315 898 3376 ut
925 3311 969 3376 sit
993 3310 1214 3396 interpretatio
1240 3318 1331 3380 recta

55 3405 139 3469 vocis
156 3404 286 3471 Latinae
302 3407 467 3488 Augustis.
503 3404 612 3490 Neque
633 3426 717 3470 veros
728 3409 795 3470 tam
814 3411 956 3471 accurato
975 3405 1220 3473 convertebatur
1236 3428 1331 3474 voca·

55 3497 163 3564 bulum
193 3503 294 3585 divus;
328 3523 402 3567 num
435 3508 542 3584 θεῖος,
571 3500 656 3584 quod
685 3499 872 3566 adiectivum
903 3501 1134 3586 interpretatio⁴
1151 3506 1240 3568 recta
1268 3509 1330 3590 eat,

56 3595 210 3660 rariaeime
239 3597 408 3680 reperitur,
439 3617 509 3661 cum
537 3598 627 3678 θεός,
657 3597 724 3661 ie.
755 3596 839 3680 decu,
868 3595 954 3660 baud
980 3598 1084 3681 dicus,
1114 3597 1151 3663 in
1176 3597 1330 3665 ommbua

56 3686 156 3753 titulis
183 3692 407 3778 imperatorum
434 3691 507 3757 inde
533 3692 572 3755 ab
593 3691 731 3776 Augusti
757 3695 858 3757 aetate
879 3691 971 3756 nobis
994 3696 1148 3758 occurrat
1193 3691 1330 3761 Meliore

58 3781 179 3863 quidem
212 3783 337 3852 Cassius
363 3785 425 3851 Dio
456 3785 608 3851 vocabulo
638 3786 724 3871 ἦρος
754 3790 787 3850 et
817 3786 951 3870 scriptor
981 3787 1130 3872 glossarii
1160 3787 1330 3856 locutione

56 3874 74 3938 ὁ
106 3874 147 3942 ἐν’
169 3878 291 3967 beaw)
318 3881 494 3946 utebantur.
541 3880 621 3945 ‘l'um
652 3881 877 3965 appellationes
907 3886 1026 3947 ceteras
1058 3881 1194 3948 totidem
1222 3883 1329 3951 verbis

56 3971 224 4054 explicatas
245 3976 426 4061 reperimus,
448 3981 485 4041 ut
506 3976 548 4040 sit
567 3977 670 4060 πατὴρ
692 3977 845 4059 πατρίδος
866 3977 932 4041 sive
953 3975 1125 4062 aliquando
1144 3979 1253 4063 msto
1270 3988 1331 4065 τῆς

55 4067 207 4152 πατρίδος
224 4099 265 4124 ==
276 4077 368 4153 poter
395 4068 530 4154 patriae,
556 4073 659 4157 μήτηρ
690 4069 914 4156 στρατοπέδων
927 4101 969 4126 -
982 4077 1082 4139 macr
1111 4072 1330 4162 mmmm

141 4249 167 4316 1)
184 4246 304 4304 Primum
321 4251 351 4305 in
368 4249 451 4306 titulo
469 4249 535 4305 anni
553 4255 614 4317 ¹10,
632 4248 676 4304 10.
691 4248 728 4304 11
742 4254 774 4305 s1
792 4248 809 4307 t
825 4249 967 4320 κράτιστος
983 4250 1167 4324 ἀνθύπατοι,

140 4324 167 4392 t)
184 4323 305 4381 Primum
321 4328 460 4384 invenitur
476 4328 507 4383 in
524 4343 627 4399 papyro
645 4327 711 4382 anui
728 4333 786 4398 us,
803 4326 884 4384 mu,
896 4333 957 4384 801.

140 4404 167 4471 a)
184 4401 228 4459 ιο.
242 4403 305 4458 xvv
319 4410 403 4472 ruo
420 4404 497 4462 neu.
511 4405 548 4461 1v
563 4409 619 4461 us.
706 4409 734 4476 η
752 4405 906 4462 morea
919 4404 977 4461 vo.
991 4411 1043 4462 rra
1060 4405 1126 4463 aaa
1140 4411 1183 4464 a·

140 4482 166 4548 t)
183 4479 210 4534 al
228 4482 259 4537 tv
275 4485 355 4546 tacte
372 4484 569 4554 ubreapslccpae
585 4484 614 4538 in
631 4498 686 4538 uno
703 4482 786 4539 titulo
803 4482 857 4553 (10.
870 4482 921 4538 ΧΠ
934 4489 958 4552 1,
973 4487 1036 4554 itt)
1052 4485 1200 4556 reperim.

140 4559 167 4628 t)
184 4556 275 4613 Etiam
289 4559 393 4616 locutio
405 4577 456 4632 per
467 4561 705 4633 transcriptionem
719 4561 828 4617 reddita
843 4560 930 4634 ρητηρ
942 4561 1068 4632 sicam
1080 4576 1164 4636 saspa
1177 4561 1329 4622 insuitur.
