3060 5460
597 739 638 794 De
655 737 808 794 officiorum
825 739 1039 810 comparatione.
1417 738 1463 804 11

174 897 402 984 appellationes
424 897 593 964 sollemnes
615 901 648 962 et
670 900 849 962 constantes
872 898 956 982 apud
974 896 1109 964 Graecos
1130 899 1221 972 ortae
1240 899 1323 975 sunt.
1374 894 1464 976 liam

64 1002 69 1013 '
174 1015 239 1058 non
257 992 360 1058 solum
374 991 511 1078 Neapoli
529 991 653 1058 saeculo
672 1014 698 1056 a
714 990 786 1057 Chr.
798 1015 830 1057 n
847 993 951 1076 primo
969 997 1059 1057 erant
1073 980 1275 1080 phratriae¹),
1293 991 1465 1071 sedetiam

65 1113 70 1127 ·
173 1088 286 1173 populi
322 1086 467 1154 Graeciae
503 1086 724 1152 dividebantur
753 1086 788 1151 in
815 1087 979 1168 phratrias
1009 1091 1043 1151 et
1071 1087 1198 1171 plagius,
1231 1108 1312 1170 quas
1341 1086 1465 1178 diddo

64 1192 74 1227 ³
119 1206 120 1209 ¹
174 1183 332 1248 existebat
353 1204 425 1248 cum
448 1179 617 1266 Athenis¹)
639 1184 708 1244 tum
730 1178 872 1265 Spartae,
893 1181 1068 1264 inquere
1089 1181 1218 1266 publica
1238 1181 1400 1267 phratrias
1421 1203 1465 1247 ex

67 1278 75 1347 ‘i
174 1277 323 1361 gentibue
342 1283 377 1346 ,et
399 1276 515 1362 phylae
537 1299 576 1341 ex
598 1275 781 1360 regionibus
803 1274 1026 1362 constitutae⁸)
1056 1276 1152 1340 curiis
1174 1280 1206 1341 et
1227 1275 1375 1341 tribubus
1397 1275 1464 1340 Ro

66 1369 74 1401 ³
175 1373 277 1436 manis
299 1377 407 1437 exacte
428 1370 669 1456 respondebant
713 1368 858 1453 Denique
880 1392 989 1436 rocem
1012 1372 1119 1454 λόχος,
1141 1392 1221 1454 quaa
1243 1393 1300 1455 pro
1319 1371 1465 1436 οαιίανία

65 1465 76 1549 ξ
173 1472 242 1532 erat
265 1469 298 1532 in
316 1489 389 1551 usu,
410 1465 599 1533 vocabulum
618 1463 756 1529 militare
773 1468 811 1528 ut
827 1464 992 1549 Latinum,
1009 1464 1048 1529 de
1066 1463 1194 1531 Graecia
1213 1469 1372 1550 sumptam
1390 1487 1464 1531 essa

66 1556 74 1613 ,³
173 1562 258 1629 inira
280 1560 560 1643 demonstrabitur,
582 1560 638 1623 ubi
660 1559 814 1623 derebus
836 1559 1032 1628 militaribus¹
1048 1558 1221 1626 disseritur.

261 1656 510 1741 Appellationes,
528 1652 643 1738 quibus
661 1653 790 1738 comitia
808 1647 1033 1737 contionesque
1052 1653 1197 1738 publicas
1215 1654 1464 1743 ascriptoribus

174 1751 432 1838 designabantur,
453 1771 526 1816 cum
549 1749 803 1813 institutionibus
828 1747 1128 1831 Graecis-aequatae
1154 1747 1215 1813 has
1236 1753 1325 1815 sunt:
1344 1748 1464 1834 ἀρχαι-

64 1907 69 1946 3
175 1850 281 1930 ρεσίαι
312 1843 393 1932 (sive
425 1840 627 1928 ἀρχαιρέσια)
659 1847 692 1907 et
722 1841 872 1927 ἐκκλησία
890 1870 932 1897 =
952 1844 1088 1926 οοκιίίία,
1117 1846 1280 1928 praeterea
1305 1842 1464 1928 ἐκκλησία

68 1954 80 1989 '·
174 1971 216 1994 =
235 1943 340 2006 οοαίίο.
385 1939 444 2004 Sed
468 1937 554 2021 apud
577 1937 711 2004 Graecos
733 1960 797 2004 ror
818 1937 1020 2024 ἀρχαιρεσίαι
1047 1939 1149 2022 ipsam
1176 1939 1367 2003 creationem
1394 1961 1464 2004 ms·

75 2108 79 2119 .
174 2037 379 2121 gistratuum,
407 2035 472 2098 sira
504 2032 619 2096 ducum
653 2032 837 2097 militerium
868 2039 905 2098 ut
935 2029 1226 2119 Atheniensium⁴),
1260 2033 1327 2099 siva
1360 2035 1465 2121 magi·

74 2134 80 2211 ζ
174 2134 330 2194 stratuum
353 2149 528 2192 annuorum
548 2131 584 2191 ut
600 2126 799 2193 Achaeorum
816 2125 1107 2212 Aesolommquat),
1129 2127 1324 2214 designabat,
1345 2126 1465 2212 ἐωρ.

77 2251 79 2257 ’
174 2227 229 2288 σία
251 2245 325 2288 vero
347 2227 380 2288 st
401 2221 485 2306 apud
505 2220 714 2288 Athenienses
733 2227 766 2287 et
783 2222 867 2307 apud
885 2222 1030 2292 Achaeos
1048 2221 1241 2306 Aetolosque
1259 2244 1318 2308 pro
1336 2224 1463 2309 populo

74 2375 80 2405 χ
175 2319 207 2380 in
239 2321 427 2383 conventum
456 2317 523 2381 sire
554 2317 595 2381 ad
624 2319 816 2383 creationem
847 2318 1090 2404 magistratuum
1121 2317 1188 2383 sive
1218 2316 1258 2382 ad
1292 2319 1463 2410 negotium

73 2460 79 2491 χ
174 2411 294 2494 aliquid
321 2409 549 2476 conficiendum
577 2418 748 2478 convocato
770 2410 1029 2500 usmpabatur‘),
1056 2434 1127 2478 cum
1155 2414 1325 2498 scriptores
1350 2425 1470 2480 rerum

71 2498 76 2557 Ξ
173 2504 385 2570 Romanarum
408 2507 490 2596 inter
511 2512 702 2574 conventum
724 2509 836 2593 populi
858 2508 898 2572 ad
920 2509 1111 2574 creationem
1138 2507 1315 2574 habendam
1341 2528 1464 2576 convo·

65 2606 76 2641 ³¹
172 2604 278 2664 catum
307 2604 339 2664 et
361 2601 462 2686 ipsam
485 2603 677 2669 creationem
699 2626 765 2668 non
786 2605 832 2667 ita
854 2607 998 2669 accurate
1020 2603 1260 2691 distinguerent
1304 2602 1398 2681 Quod
1421 2627 1464 2671 ex

68 2722 73 2731 ·
172 2715 209 2758 eo
237 2696 338 2781 magia
369 2702 513 2780 apparet,
544 2698 630 2782 quod
655 2704 779 2782 praeter
803 2701 929 2763 οοοκίίία
954 2699 1051 2764 etiam
1076 2699 1238 2764 masiliam
1261 2698 1362 2783 plebis
1393 2722 1464 2767 non

171 2788 275 2853 solum
298 2788 449 2874 ἐκκλησία
471 2792 645 2856 sedetiam
668 2791 902 2879 dpzuapeetufl)
928 2793 1160 2878 appellabatur,
1188 2815 1383 2878 quamquam
1404 2817 1463 2862 ro-

64 2952 67 2977 ,
171 2882 285 2948 cabulo
308 2885 468 2968 σύλλογος
489 2886 531 2951 ab
553 2887 625 2951 aliis
648 2887 855 2953 consentibus
882 2887 1076 2975 distinguere
1098 2893 1236 2955 conatus·
1257 2894 1305 2954 est
1327 2887 1463 2956 cassius

64 3016 67 3046 r
171 2976 244 3043 Dio.
289 2977 351 3043 Sed
373 2979 524 3063 ἐκκλησία
543 3012 585 3035 ==
602 2983 713 3066 contio,
734 2987 771 3070 ut
793 3005 888 3066 supra
909 2983 1030 3048 dictum
1053 2988 1115 3070 est,
1137 2984 1222 3069 apud
1247 3006 1356 3050 omnes
1382 2987 1462 3052 scri·

64 3070 66 3078 '
173 3078 282 3156 ptores
304 3074 513 3161 comparet⁸),
536 3077 699 3162 glossariis
721 3079 874 3163 exceptis,
900 3079 934 3142 in
956 3079 1072 3163 quibus
1094 3079 1253 3145 invenitur
1274 3081 1463 3167 δημηγορία

64 3198 66 3217 ·
171 3198 213 3220 ==
232 3170 344 3259 comio,
371 3170 453 3236 sicut
478 3175 662 3256 χειροτονία
687 3177 720 3236 et
745 3177 941 3259 ψηφοφορία
959 3205 1001 3228 =
1019 3176 1144 3240 οοικίίία
1170 3173 1341 3259 aliquando
1367 3199 1462 3242 usur

64 3280 67 3311 ¹
170 3267 250 3346 pant
272 3265 449 3349 scriptores.

257 3356 345 3423 Inter
378 3360 509 3424 comitia
543 3362 631 3427 saria
665 3363 932 3450 distinguebatur,
967 3365 1050 3430 sicut
1083 3364 1210 3450 Latine,
1245 3366 1291 3430 ita
1327 3363 1460 3453 (ineos,

169 3452 334 3517 adiectivis
356 3454 394 3518 de
417 3455 594 3542 vocabulis,
616 3458 732 3541 quibus
754 3460 1001 3546 designabantur
1022 3465 1128 3546 partes
1150 3459 1275 3546 populi,
1296 3459 1461 3529 derivatis.

168 3544 283 3630 Itaque
307 3550 431 3613 censitio
455 3552 577 3616 ουνίαία
602 3576 660 3637 per
680 3554 700 3637 η
723 3557 885 3640 φρατρικη
908 3555 1060 3641 ἐκκλησία
1089 3559 1122 3620 et
1143 3555 1164 3639 ἡ
1186 3548 1372 3642 φρατριακτ)
1395 3569 1461 3644 φη·

169 3646 331 3727 φοφορία,
359 3646 485 3710 commo
514 3650 685 3714 centuriotu
715 3672 772 3733 per
801 3649 1003 3737 ἀρχαιρεσίαι
1035 3651 1195 3735 λοχίτιδες
1225 3655 1258 3716 et
1283 3651 1304 3735 si
1333 3655 1461 3736 λοχίαις

64 3792 66 3808 χ
169 3733 334 3822 ἐκκλησία,
364 3741 488 3805 comita
519 3744 632 3808 tributu
663 3744 798 3828 denique
830 3768 887 3829 per
917 3747 951 3811 αλ
984 3743 1157 3829 φυλετικαὶ
1185 3744 1406 3832 ἐρχατρεσίαι,
1437 3749 1460 3834 η

64 3900 65 3906 ¹
170 3834 328 3916 φυλετικὴ
350 3832 513 3920 ἐκκλησία,
534 3837 556 3921 η
577 3837 710 3922 φυλέτις
731 3837 893 3925 ἐκκλησία,
914 3841 935 3926 ἡ
958 3842 1116 3926 φυλετικὴ
1133 3843 1329 3927 ψηφοφορία
1348 3842 1463 3910 redda-⁴

169 3923 293 3990 bantur.
328 3927 434 3995 Etiam
457 3934 725 4016 appellationibus
747 3936 991 4021 magistratuum
1014 3937 1069 4021 qui
1091 3941 1182 4001 erant
1198 3935 1326 4002 creandi
1344 3935 1472 4047 distin·

64 4181 66 4191 ,
259 4130 636 4199 emundaturus.
890 4179 893 4186 -
995 4189 999 4196 .
1064 4169 1066 4172 ’

257 4212 285 4276 2)
302 4207 343 4264 De
360 4211 493 4280 parsuli·
511 4218 541 4270 et
557 4216 651 4286 phylis
669 4216 884 4274 Atheniensibus
902 4219 936 4275 ci.
955 4219 1054 4275 anolt
1070 4225 1130 4276 κοί.
1144 4223 1205 4276 Ati.

256 4289 284 4354 A)
300 4286 398 4342 anolt
416 4295 475 4345 100.
503 4293 608 4363 Phylse
625 4295 841 4351 Atheniensibus
858 4302 956 4353 contra
972 4313 988 4353 a
1005 4298 1101 4353 multis
1120 4314 1154 4353 sc
1173 4298 1259 4355 vertis
1276 4296 1365 4356 demis
1379 4317 1458 4358 cosa·

167 4360 277 4430 positas
294 4363 420 4421 tribubus
438 4367 571 4426 Romanis
592 4389 648 4428 non
665 4373 769 4427 similes
788 4378 875 4429 erant.
911 4376 1001 4430 Multo
1018 4374 1137 4430 similior
1155 4375 1375 4446 trrhni'quidsm
1393 4383 1458 4436 erat

166 4438 282 4507 vesnia,
300 4441 357 4496 sire
374 4460 439 4512 pars
455 4448 541 4503 tertis
558 4449 661 4520 phylse
678 4450 864 4520 Atheniensis,
882 4469 916 4508 ex
933 4455 1016 4509 natm
1033 4453 1156 4527 regionis
1174 4453 1274 4509 incolis
1288 4456 1457 4530 composita

168 4531 251 4583 qaam
270 4533 334 4572 cum
350 4521 425 4576 tribu
443 4531 607 4596 comparant
623 4527 771 4598 Dionysius
789 4529 865 4601 (11⁷)
883 4534 913 4588 et
929 4531 1041 4588 casem
1058 4531 1111 4588 Dio
1128 4530 1172 4603 (tr.
1186 4539 1213 4601 e,
1226 4535 1262 4604 et
1274 4576 1287 4599 .
1396 4590 1401 4597 .

256 4598 284 4665 λ)
302 4595 342 4651 CA
360 4598 473 4656 Aristot
492 4603 550 4661 Poh
569 4605 670 4662 Athen
685 4612 727 4662 λλ.
750 4605 756 4614 ’

255 4676 283 4742 e)
299 4675 382 4744 Apud
399 4677 525 4736 Achaeos
542 4683 638 4754 Polyb.
652 4683 677 4739 V
692 4690 716 4755 1,
729 4690 761 4752 λς·
776 4686 852 4756 apud
869 4687 983 4745 Aetolos
1000 4687 1039 4744 id
1057 4686 1096 4744 lv
1108 4691 1152 4756 λλ,
1167 4693 1197 4755 ιχ
1215 4692 1258 4756 tt,
1273 4695 1297 4745 1.
1349 4696 1355 4706 '

255 4754 283 4821 o)
299 4752 429 4823 ἐκκλησία
454 4756 572 4816 Athenis
598 4762 633 4818 et.
660 4762 758 4818 anolt
780 4769 934 4837 Abisson,
965 4765 1041 4838 apud
1066 4765 1195 4821 thsaos
1221 4765 1260 4820 id
1283 4771 1350 4838 seta
1376 4770 1457 4841 apud

166 4827 282 4883 Aetolos
299 4829 337 4887 td
356 4836 408 4887 tto
426 4833 491 4890 adm
505 4843 531 4893 A.
954 4844 958 4852 ’
998 4863 1019 4876 '⁴
1161 4885 1165 4891 -
1189 4885 1193 4892 ·

255 4907 556 4977 crimonosorum
574 4917 609 4974 ds
626 4918 799 4976 tribuerim
817 4923 958 4980 creatione
975 4924 1112 4994 agustus.
1303 4926 1307 4932 ’

256 4988 284 5057 8)
301 4985 353 5042 Par
369 5004 489 5046 suoram
507 4997 653 5067 usurparit
669 4996 835 5054 Plutarchus
851 5000 919 5072 (Oia
934 5005 980 5074 st)
997 4997 1320 5074 ἀρχαιρεσίη-Μία

217 5079 659 5139 summme-suanum
1220 5093 1238 5145 s
