3060 5460
576 732 617 789 De
636 719 790 789 offidormn
807 734 1019 805 comparatione
1415 725 1434 805 ⁸.

163 895 344 982 saepissime
365 896 400 961 iu
420 893 524 960 titulis
545 912 618 958 eum
640 892 688 956 rei
709 892 853 979 publicae
874 891 1035 961 Romanae
1055 899 1124 961 tum
1145 875 1310 962 oiiitatum
1336 901 1440 964 exten·

161 1013 273 1056 narum
294 990 409 1058 saeculi
431 1013 457 1055 a
471 987 544 1054 Chr.
569 1009 600 1052 n
623 986 753 1053 alterius
779 987 989 1056 inveniuntur.
1037 989 1124 1067 Quae
1148 992 1232 1058 unde
1258 995 1347 1059 ortae
1372 992 1441 1060 sint

162 1086 225 1151 iam
251 1091 299 1152 est
324 1083 543 1171 quaerendum.
590 1079 723 1147 Constat
749 1083 876 1167 quidem
908 1083 1031 1151 Graecis
1057 1085 1202 1152 omnibus
1228 1085 1270 1152 ab
1297 1087 1440 1173 antiquis

162 1183 354 1268 temporibus
376 1177 576 1266 στρατηγούς
597 1177 709 1261 fuisse,
735 1179 791 1263 qui
816 1182 853 1243 ut
874 1178 1063 1245 exercitibus
1083 1187 1260 1268 praeerant,
1287 1182 1333 1248 ita
1358 1183 1440 1250 anti·

77 1322 79 1327 -
163 1279 269 1360 quitus
290 1281 477 1362 potestatem
500 1271 624 1339 civilem
647 1273 768 1338 nullam
789 1272 956 1338 habebant
1005 1274 1068 1340 Sed
1092 1277 1245 1360 paulatim
1270 1277 1306 1343 in
1326 1278 1439 1346 multis

164 1370 342 1438 eimtatibns
372 1372 408 1436 hi
437 1370 532 1434 duces
562 1367 716 1432 militares
746 1390 796 1433 res
822 1368 966 1452 publicas
992 1391 1117 1455 quoque
1142 1371 1362 1439 administrare
1390 1373 1439 1440 in·

162 1465 371 1552 cipiebant¹),·
383 1470 420 1531 ut
440 1467 543 1530 aetate
564 1462 714 1528 inferiore
736 1462 770 1527 in
787 1463 958 1547 aliquibus,
981 1486 1020 1531 ac
1035 1466 1200 1552 praecipue
1217 1467 1252 1533 in
1268 1469 1440 1537 foederatis

163 1562 341 1629 civitatibus
368 1561 571 1647 magistratus
602 1579 745 1622 summus
772 1563 1070 1652 essetpespurqydr,
1096 1561 1150 1645 qui
1176 1563 1328 1629 exercitui
1349 1587 1439 1651 prae

162 1663 242 1742 erat,
263 1656 345 1722 unde
366 1653 554 1720 vocabulum
576 1652 611 1717 in
632 1651 864 1738 magistratum
875 1653 1053 1719 Romanum
1075 1657 1261 1723 transhtum
1286 1662 1344 1724 eet.
1393 1659 1440 1727 us
1492 1688 1498 1697 ·

163 1774 352 1837 quamquam
381 1750 559 1816 Mamaea
587 1746 755 1834 coniecit¹)
783 1747 972 1814 vocabulum
1003 1753 1194 1836 στρατηγός,
1223 1773 1288 1837 quo
1311 1759 1440 1836 prucios·

163 1846 278 1913 Graece
303 1847 548 1926 converteretur,
574 1842 613 1907 de
639 1864 674 1908 ra
701 1841 829 1927 publica
850 1842 1061 1928 Neapolitana
1086 1849 1123 1910 ut
1148 1846 1228 1912 illud
1258 1848 1441 1934 σύγκλητος

162 1946 322 2028 sumptum
343 1962 419 2024 esse,
440 1935 546 2003 tamen
567 1959 671 2022 neque
693 1939 779 2002 tituli
797 1937 999 2023 Neapolitani
1020 1939 1123 2026 (euius
1144 1941 1351 2026 reipublicae
1372 1967 1440 2011 ma·

163 2039 312 2124 gistratus
334 2055 473 2101 summus
496 2034 661 2117 δήμαρχος
682 2031 914 2121 appellabatur)
932 2036 1101 2121 exsistunt,
1117 2058 1219 2122 neque
1235 2043 1442 2107 monumenta

163 2132 299 2198 civitatis
330 2128 465 2196 Graecae
494 2128 671 2212 cuiuspiam
703 2129 738 2192 iu
767 2128 861 2194 Italia
896 2129 988 2214 sitae,
1021 2131 1056 2196 in
1090 2131 1205 2215 qmbue
1234 2134 1442 2221 magistratus

164 2248 304 2292 summus
334 2225 512 2310 στρατηγός
542 2221 730 2288 nominetur.
781 2222 903 2289 Unicus
938 2223 1082 2314 titulus')
1116 2225 1318 2294 Tauromeuii
1351 2231 1442 2298 urbia

164 2320 335 2388 Siciliensis
363 2319 456 2384 nobie
481 2321 686 2385 consensius
713 2323 775 2403 est,
800 2340 863 2403 quo
888 2319 965 2385 fasti
990 2325 1198 2408 snehgorum
1222 2324 1443 2414 continentum

164 2415 218 2481 sed
236 2436 306 2479 oum
322 2415 358 2479 hi
370 2411 545 2499 στρατηγοὶ
562 2413 619 2478 ded
634 2411 731 2478 πέντε
747 2412 846 2479 ἐτέων
862 2415 1069 2500 appellentur,
1086 2417 1183 2482 ullam
1201 2418 1442 2488 similitudinem

163 2533 235 2577 oum
253 2510 364 2575 annuis
381 2508 619 2596 magistratibus
637 2507 791 2574 Romanis
808 2531 873 2575 non
890 2510 1033 2575 offerunt
1069 2510 1149 2577 Cum
1165 2534 1240 2579 vero
1257 2514 1292 2579 iu
1309 2512 1444 2583 timuis

164 2606 348 2672 occidentali
366 2600 527 2671 foederum
540 2603 743 2670 Acarnanum
762 2609 794 2670 et
811 2602 996 2670 Aetolorum
1014 2610 1047 2671 et
1062 2608 1227 2692 praecipue
1240 2606 1442 2678 Achaeorum

165 2701 367 2787 magistratus
396 2701 525 2780 summi,
554 2700 610 2784 qui
638 2703 676 2764 ut
703 2705 863 2784 praetores
889 2698 1025 2766 Romani
1052 2704 1220 2786 quotannis
1246 2704 1443 2794 nobam,

163 2799 339 2881 στρατηγοί
358 2795 509 2882 appellati
531 2796 609 2879 sint,
631 2793 712 2859 mihi
733 2795 860 2879 quidem
882 2796 1007 2861 uidetur
1025 2795 1065 2861 de
1082 2796 1121 2863 iis
1138 2799 1327 2865 vocabulum
1343 2819 1443 2888 espe-

163 2892 259 2974 τηγός
280 2892 313 2955 in
330 2895 507 2977 praetorem
525 2889 705 2956 Romanum
725 2911 793 2955 esse
810 2892 1004 2956 translatum
1047 2890 1130 2957 Nam
1150 2892 1209 2959 has
1227 2894 1443 2980 respublicas

163 2985 227 3051 iam
253 2987 378 3052 saeculo
405 3008 433 3052 a
451 2985 524 3051 (ihr.
541 3008 571 3050 n
593 2984 690 3050 tertio
712 2984 863 3052 Romanis
889 2987 1032 3074 cognitas
1056 2986 1155 3053 fuisse
1175 3009 1215 3054 ex
1236 3011 1275 3056 eo
1300 2996 1444 3078 apparet,

164 3081 248 3165 quod
270 3081 353 3146 bello
371 3080 500 3167 Illyrico
523 3102 606 3147 anno
630 3079 773 3164 5261228
795 3081 835 3146 ad
851 3080 995 3147 Achaeos
1016 3085 1050 3146 et
1065 3081 1197 3149 Aetolos
1212 3085 1336 3171 legatos
1352 3087 1445 3154 misit

163 3175 273 3241 consul
293 3173 495 3261 Romanus‘).
539 3175 624 3253 Quin
650 3175 746 3240 etiam
772 3175 907 3262 legimus
933 3176 1041 3262 paullo
1067 3182 1142 3263 post
1165 3177 1338 3247 Alexandri
1363 3181 1444 3270 Epi·
1488 3191 1497 3205 ⁶

163 3275 251 3337 rotae
271 3271 354 3358 regis
375 3275 520 3355 mortem,
542 3271 596 3355 qui
619 3271 703 3338 eirca
724 3293 751 3335 a
769 3271 918 3354 talsano
943 3271 1026 3337 diem
1053 3294 1234 3358 supremum
1261 3275 1356 3361 obiit,
1382 3277 1443 3344 im·

164 3367 359 3452 plorantibus
382 3367 600 3432 Acamanibus
622 3365 784 3432 Romanos
805 3366 845 3431 ad
866 3366 999 3433 Aetolos
1015 3369 1138 3454 legatos
1155 3368 1321 3458 misisse&
1364 3371 1444 3440 Pro-
1498 3384 1501 3387 ’

163 3463 246 3527 fecto
277 3460 429 3528 Graecum
460 3484 575 3528 munus
607 3463 723 3527 multas
759 3461 980 3527 similitudines
1015 3462 1265 3551 'cum'praetura
1293 3465 1443 3534 Rerum

164 3555 244 3644 (sive
270 3555 446 3644 consulatu)
477 3578 553 3642 prae
583 3579 618 3622 ee
647 3558 719 3624 fert
766 3555 850 3623 Nam
881 3557 967 3643 apud
998 3555 1142 3624 Achaeos
1171 3560 1347 3645 antiquitus
1376 3561 1442 3629 dno

163 3655 253 3718 eraut
277 3656 452 3736 στρατηγοί
475 3653 644 3737 quotannis
671 3674 691 3716 a
717 3651 854 3719 comitiis
881 3652 992 3736 mesti,
1021 3654 1077 3738 qui
1101 3675 1168 3719 rem
1199 3654 1359 3740 publicam
1386 3657 1443 3723 ad·

164 3746 416 3835 ministrmt‘).
459 3747 575 3813 Postea
601 3747 737 3835 collegio
763 3747 884 3813 abolito
908 3747 1002 3812 nnius
1024 3752 1091 3814 erat
1115 3749 1248 3837 strategi
1269 3751 1442 3820 concilium

164 3865 320 3908 summum
351 3863 523 3909 convocare
558 3848 591 3909 et
621 3847 794 3910 convocato
829 3843 1018 3929 praesidere,
1048 3843 1116 3909 eins
1146 3844 1273 3912 decreta
1298 3849 1444 3935 exsequi,

164 4050 257 4103 aetate
272 4048 325 4104 hae
343 4048 544 4120 appellationes
560 4049 592 4104 in
613 4066 694 4104 usum
717 4049 861 4115 merent,
884 4048 1023 4140 Romqnm
1045 4066 1099 4104 non
1117 4048 1277 4106 distinxisse
1294 4050 1351 4106 nisi
1368 4051 1443 4109 intoe

160 4129 521 4282 {mummi
530 4133 702 4274 stt>
727 4125 1442 4279 ⁰⁰&me

166 4295 237 4346 esse.
254 4283 283 4335 et
298 4283 441 4337 contendit
457 4299 557 4338 nomen
575 4279 724 4352 στρατηγὸς
740 4280 845 4346 taenea
861 4284 1016 4352 praetorem
1032 4282 1181 4337 maximum
1202 4299 1259 4338 non
1276 4283 1442 4357 signidem

166 4356 216 4412 aed
231 4360 409 4428 compositam
427 4360 595 4417 locutionem
618 4376 691 4427 esse,
713 4376 769 4430 qua
790 4361 960 4431 exprimatur
981 4360 1125 4431 imperinm
1146 4360 1267 4417 consulis
1283 4364 1441 4434 utrumqne,

165 4450 232 4489 voce
248 4436 395 4508 “muris
411 4439 448 4493 ad
465 4440 608 4509 imperiose
624 4438 752 4506 seditior,
770 4437 873 4503 ismae
889 4438 926 4492 ad
944 4439 1085 4508 impetisse
1101 4439 1174 4494 desei
1186 4442 1339 4511 pennu,
1355 4442 1441 4513 atque

166 4511 268 4567 ideirco
285 4513 380 4570 ambas
397 4516 516 4572 consulis
534 4515 745 4588 appellationes,
765 4519 794 4571 et
809 4516 888 4570 illam
905 4516 935 4570 in
952 4514 1026 4571 bello
1043 4516 1174 4571 nsibtam
1187 4523 1300 4588 praetor
1311 4544 1346 4566 -
1359 4535 1441 4589 am·

102 4586 1163 4666 'sm6e‚etillaninpaeeeolitamecssal-ixesesoontinera
1203 4593 1440 4666 seoqnenese

166 4667 270 4722 lactum
293 4668 331 4723 sit
352 4673 385 4726 nt
408 4672 572 4729 vocabulum
596 4671 702 4736 aaron
725 4689 786 4728 aaa
809 4673 857 4743 qui
879 4672 1021 4742 imperius
1042 4671 1114 4727 dosii
1133 4671 1213 4728 teca
1233 4671 1440 4730 rinocarala·

166 4743 302 4816 significet
317 4763 373 4802 non
390 4747 483 4818 docet,
500 4750 616 4807 etmihi
633 4749 748 4822 quidem
763 4749 835 4805 nibil
850 4747 968 4820 probare
984 4747 1099 4806 ridetur.

253 4826 280 4893 ι)
296 4823 517 4884 enimuero.
622 4825 973 4898 paramese-una.
1076 4824 1320 4897 anamim

252 4903 280 4972 t)
297 4901 391 4972 Polyb.
408 4904 435 4960 11
447 4912 524 4975 ιιι
628 4908 658 4977 t)
673 4904 775 4963 snus
792 4903 905 4962 mm
921 4909 947 4961 1.
960 4909 986 4963 2

252 4981 280 5053 t>
295 4978 391 5053 Polyb.
408 4980 494 5055 llatp
517 4981 609 5041 seat
627 4981 764 5041 vmaas
1106 4997 1110 5003 '
1241 4999 1249 5014 ⁶
