<?xml version="1.0" encoding="UTF-8"?>
<!DOCTYPE html PUBLIC "-//W3C//DTD XHTML 1.0 Transitional//EN"
    "http://www.w3.org/TR/xhtml1/DTD/xhtml1-transitional.dtd">
<html xmlns="http://www.w3.org/1999/xhtml" xml:lang="en" lang="en">
 <head>
  <title>
</title>
<meta http-equiv="Content-Type" content="text/html;charset=utf-8" />
  <meta name='ocr-system' content='tesseract 3.04.00' />
  <meta name='ocr-capabilities' content='ocr_page ocr_carea ocr_par ocr_line ocrx_word'/>
</head>
<body>
  <div class='ocr_page' id='page_1' title='image "./deromanorumiuri00magigoog_0025.png"; bbox 0 0 3060 5460; ppageno 0'>
   <div class='ocr_carea' id='block_1_1' title="bbox 126 735 980 852">
    <p class='ocr_par' dir='ltr' id='par_1_1' title="bbox 126 735 980 852">
     <span class='ocr_line' id='line_1_1' title="bbox 126 735 980 852; baseline 0.001 -17"><span class='ocrx_word' id='word_1_1' title='bbox 126 784 149 848; x_wconf 74' lang='grc'><strong>4</strong></span> <span class='ocrx_word' id='word_1_2' title='bbox 482 735 488 745; x_wconf 83' lang='lat'><strong>·</strong></span> <span class='ocrx_word' id='word_1_3' title='bbox 538 780 580 838; x_wconf 85' lang='lat' dir='ltr'><strong>Dc</strong></span> <span class='ocrx_word' id='word_1_4' title='bbox 598 781 751 837; x_wconf 73' lang='lat' dir='ltr'><strong>officiorum</strong></span> <span class='ocrx_word' id='word_1_5' title='bbox 768 778 980 852; x_wconf 67' lang='lat' dir='ltr'><strong>comparatione,</strong></span> 
     </span>
    </p>
   </div>
   <div class='ocr_carea' id='block_1_2' title="bbox 124 937 1521 4260">
    <p class='ocr_par' dir='ltr' id='par_1_2' title="bbox 124 937 1521 4260">
     <span class='ocr_line' id='line_1_2' title="bbox 213 937 1410 1025; baseline -0.003 -20"><span class='ocrx_word' id='word_1_6' title='bbox 213 939 319 1025; x_wconf 77' lang='lat' dir='ltr'><strong>Atque</strong></span> <span class='ocrx_word' id='word_1_7' title='bbox 346 961 418 1005; x_wconf 89' lang='lat' dir='ltr'><strong>cum</strong></span> <span class='ocrx_word' id='word_1_8' title='bbox 445 941 569 1005; x_wconf 86' lang='lat' dir='ltr'><strong>concilii</strong></span> <span class='ocrx_word' id='word_1_9' title='bbox 598 941 713 1004; x_wconf 89' lang='lat' dir='ltr'><strong>summi</strong></span> <span class='ocrx_word' id='word_1_10' title='bbox 735 961 851 1006; x_wconf 91' lang='lat' dir='ltr'><strong>nomen</strong></span> <span class='ocrx_word' id='word_1_11' title='bbox 873 959 965 1023; x_wconf 88' lang='lat' dir='ltr'><strong>saepe</strong></span> <span class='ocrx_word' id='word_1_12' title='bbox 988 959 1059 1003; x_wconf 91' lang='lat' dir='ltr'><strong>cum</strong></span> <span class='ocrx_word' id='word_1_13' title='bbox 1080 939 1192 1023; x_wconf 91' lang='lat' dir='ltr'><strong>populi</strong></span> <span class='ocrx_word' id='word_1_14' title='bbox 1213 937 1341 1003; x_wconf 88' lang='lat' dir='ltr'><strong>nomine</strong></span> <span class='ocrx_word' id='word_1_15' title='bbox 1365 937 1410 1019; x_wconf 78' lang='lat' dir='ltr'><strong>in3</strong></span> 
     </span>
     <span class='ocr_line' id='line_1_3' title="bbox 125 1030 1469 1120; baseline -0.004 -20"><span class='ocrx_word' id='word_1_16' title='bbox 125 1037 241 1101; x_wconf 79' lang='lat' dir='ltr'><strong>litteris</strong></span> <span class='ocrx_word' id='word_1_17' title='bbox 262 1035 399 1120; x_wconf 90' lang='lat' dir='ltr'><strong>publicis</strong></span> <span class='ocrx_word' id='word_1_18' title='bbox 422 1035 670 1120; x_wconf 79' lang='lat' dir='ltr'><strong>coniungeretur,</strong></span> <span class='ocrx_word' id='word_1_19' title='bbox 694 1036 728 1099; x_wconf 92' lang='lat' dir='ltr'><strong>in</strong></span> <span class='ocrx_word' id='word_1_20' title='bbox 749 1034 961 1099; x_wconf 73' lang='lat' dir='ltr'><strong>monumentis</strong></span> <span class='ocrx_word' id='word_1_21' title='bbox 984 1033 1110 1118; x_wconf 87' lang='lat' dir='ltr'><strong>quidem</strong></span> <span class='ocrx_word' id='word_1_22' title='bbox 1133 1030 1260 1098; x_wconf 76' lang='lat' dir='ltr'><strong>Graecis</strong></span> <span class='ocrx_word' id='word_1_23' title='bbox 1280 1033 1398 1117; x_wconf 88' lang='lat' dir='ltr'><strong>passim</strong></span> <span class='ocrx_word' id='word_1_24' title='bbox 1464 1093 1469 1115; x_wconf 58' lang='grc'><strong><em>,</em></strong></span> 
     </span>
     <span class='ocr_line' id='line_1_4' title="bbox 126 1125 1400 1216; baseline -0.002 -21"><span class='ocrx_word' id='word_1_25' title='bbox 126 1135 287 1216; x_wconf 83' lang='lat' dir='ltr'><strong>comparet</strong></span> <span class='ocrx_word' id='word_1_26' title='bbox 307 1130 424 1195; x_wconf 90' lang='lat' dir='ltr'><strong>locutio</strong></span> <span class='ocrx_word' id='word_1_27' title='bbox 447 1128 467 1212; x_wconf 72' lang='grc' dir='ltr'><strong><em>ἡ</em></strong></span> <span class='ocrx_word' id='word_1_28' title='bbox 484 1130 588 1213; x_wconf 76' lang='grc' dir='ltr'><strong><em>βουλὴ</em></strong></span> <span class='ocrx_word' id='word_1_29' title='bbox 605 1129 659 1194; x_wconf 80' lang='grc' dir='ltr'><strong>καλ</strong></span> <span class='ocrx_word' id='word_1_30' title='bbox 677 1128 695 1194; x_wconf 94' lang='lat'>6</span> <span class='ocrx_word' id='word_1_31' title='bbox 713 1130 824 1214; x_wconf 79' lang='grc' dir='ltr'><strong><em>ύημος,</em></strong></span> <span class='ocrx_word' id='word_1_32' title='bbox 847 1131 897 1194; x_wconf 88' lang='lat' dir='ltr'><strong>cui</strong></span> <span class='ocrx_word' id='word_1_33' title='bbox 918 1131 1061 1194; x_wconf 78' lang='lat' dir='ltr'><strong>accurate</strong></span> <span class='ocrx_word' id='word_1_34' title='bbox 1078 1127 1248 1212; x_wconf 72' lang='lat' dir='ltr'><strong>respondet</strong></span> <span class='ocrx_word' id='word_1_35' title='bbox 1264 1128 1321 1191; x_wconf 92' lang='lat' dir='ltr'><strong>illa</strong></span> <span class='ocrx_word' id='word_1_36' title='bbox 1337 1125 1400 1193; x_wconf 79' lang='lat' dir='ltr'><strong>lto</strong></span> 
     </span>
     <span class='ocr_line' id='line_1_5' title="bbox 125 1220 1401 1308; baseline -0.004 -17"><span class='ocrx_word' id='word_1_37' title='bbox 125 1247 219 1291; x_wconf 86' lang='lat' dir='ltr'><strong>mana</strong></span> <span class='ocrx_word' id='word_1_38' title='bbox 239 1226 357 1290; x_wconf 83' lang='lat' dir='ltr'><strong>locutio</strong></span> <span class='ocrx_word' id='word_1_39' title='bbox 384 1229 506 1290; x_wconf 69' lang='lat' dir='ltr'><strong>motus</strong></span> <span class='ocrx_word' id='word_1_40' title='bbox 524 1224 715 1307; x_wconf 69' lang='lat' dir='ltr'><strong>popiciacspuc</strong></span> <span class='ocrx_word' id='word_1_41' title='bbox 735 1224 908 1308; x_wconf 77' lang='lat' dir='ltr'><strong>Rooronoa,</strong></span> <span class='ocrx_word' id='word_1_42' title='bbox 929 1245 1010 1308; x_wconf 89' lang='lat' dir='ltr'><strong>qnae</strong></span> <span class='ocrx_word' id='word_1_43' title='bbox 1028 1220 1143 1288; x_wconf 82' lang='lat' dir='ltr'><strong>Graece</strong></span> <span class='ocrx_word' id='word_1_44' title='bbox 1162 1223 1401 1288; x_wconf 82' lang='lat' dir='ltr'><strong>convertebatur</strong></span> 
     </span>
     <span class='ocr_line' id='line_1_6' title="bbox 124 1316 1489 1408; baseline -0.004 -22"><span class='ocrx_word' id='word_1_45' title='bbox 124 1343 183 1406; x_wconf 89' lang='lat' dir='ltr'><strong>per</strong></span> <span class='ocrx_word' id='word_1_46' title='bbox 210 1320 230 1404; x_wconf 78' lang='grc' dir='ltr'><strong><em>ἡ</em></strong></span> <span class='ocrx_word' id='word_1_47' title='bbox 256 1321 434 1403; x_wconf 73' lang='grc' dir='ltr'><strong><em>σύγκλητος</em></strong></span> <span class='ocrx_word' id='word_1_48' title='bbox 459 1316 514 1384; x_wconf 80' lang='grc' dir='ltr'><strong>καλ</strong></span> <span class='ocrx_word' id='word_1_49' title='bbox 539 1318 558 1384; x_wconf 88' lang='grc'>6</span> <span class='ocrx_word' id='word_1_50' title='bbox 586 1320 686 1403; x_wconf 75' lang='grc' dir='ltr'><strong><em>δῆμος</em></strong></span> <span class='ocrx_word' id='word_1_51' title='bbox 712 1317 731 1384; x_wconf 86' lang='grc'>6</span> <span class='ocrx_word' id='word_1_52' title='bbox 753 1316 929 1403; x_wconf 78' lang='grc' dir='ltr'><strong><em>Ῥωμαίων,</em></strong></span> <span class='ocrx_word' id='word_1_53' title='bbox 959 1322 995 1382; x_wconf 89' lang='lat' dir='ltr'><strong>ut</strong></span> <span class='ocrx_word' id='word_1_54' title='bbox 1025 1318 1059 1382; x_wconf 92' lang='lat' dir='ltr'><strong>iu</strong></span> <span class='ocrx_word' id='word_1_55' title='bbox 1089 1323 1215 1382; x_wconf 76' lang='lat' dir='ltr'><strong>mustus</strong></span> <span class='ocrx_word' id='word_1_56' title='bbox 1246 1318 1400 1383; x_wconf 87' lang='lat' dir='ltr'><strong>consultis</strong></span> <span class='ocrx_word' id='word_1_57' title='bbox 1487 1403 1489 1408; x_wconf 14' lang='grc' dir='ltr'><strong><em>Α</em></strong></span> 
     </span>
     <span class='ocr_line' id='line_1_7' title="bbox 126 1409 1400 1501; baseline -0.001 -21"><span class='ocrx_word' id='word_1_58' title='bbox 126 1436 170 1480; x_wconf 77' lang='lat' dir='ltr'><strong>ca</strong></span> <span class='ocrx_word' id='word_1_59' title='bbox 188 1412 336 1501; x_wconf 68' lang='lat' dir='ltr'>669ss52)</span> <span class='ocrx_word' id='word_1_60' title='bbox 363 1418 396 1478; x_wconf 89' lang='lat' dir='ltr'><strong>et</strong></span> <span class='ocrx_word' id='word_1_61' title='bbox 421 1435 448 1480; x_wconf 75' lang='lat' dir='ltr'><strong>a</strong></span> <span class='ocrx_word' id='word_1_62' title='bbox 466 1411 614 1500; x_wconf 77' lang='lat' dir='ltr'><strong>6lssfl8¹)</strong></span> <span class='ocrx_word' id='word_1_63' title='bbox 641 1414 781 1498; x_wconf 86' lang='lat' dir='ltr'><strong>scriptis,</strong></span> <span class='ocrx_word' id='word_1_64' title='bbox 811 1418 844 1478; x_wconf 90' lang='lat' dir='ltr'><strong>et</strong></span> <span class='ocrx_word' id='word_1_65' title='bbox 868 1413 889 1497; x_wconf 77' lang='grc' dir='ltr'><strong><em>η</em></strong></span> <span class='ocrx_word' id='word_1_66' title='bbox 915 1414 1094 1497; x_wconf 75' lang='grc' dir='ltr'><strong><em>σύγκλητος</em></strong></span> <span class='ocrx_word' id='word_1_67' title='bbox 1120 1410 1175 1478; x_wconf 82' lang='grc' dir='ltr'><strong><em>κοιλ</em></strong></span> <span class='ocrx_word' id='word_1_68' title='bbox 1202 1412 1305 1496; x_wconf 77' lang='grc' dir='ltr'><strong><em>δῆμος</em></strong></span> <span class='ocrx_word' id='word_1_69' title='bbox 1326 1409 1400 1479; x_wconf 79' lang='grc' dir='ltr'><strong>Ῥω·</strong></span> 
     </span>
     <span class='ocr_line' id='line_1_8' title="bbox 124 1505 1400 1595; baseline -0.002 -21"><span class='ocrx_word' id='word_1_70' title='bbox 124 1512 246 1593; x_wconf 72' lang='grc' dir='ltr'><strong><em>γαίων,</em></strong></span> <span class='ocrx_word' id='word_1_71' title='bbox 267 1513 304 1574; x_wconf 90' lang='lat' dir='ltr'><strong>nt</strong></span> <span class='ocrx_word' id='word_1_72' title='bbox 325 1509 359 1573; x_wconf 92' lang='lat' dir='ltr'><strong>iu</strong></span> <span class='ocrx_word' id='word_1_73' title='bbox 381 1509 517 1593; x_wconf 76' lang='lat' dir='ltr'><strong>epistula</strong></span> <span class='ocrx_word' id='word_1_74' title='bbox 537 1507 571 1572; x_wconf 83' lang='grc'>6.</span> <span class='ocrx_word' id='word_1_75' title='bbox 591 1507 690 1573; x_wconf 85' lang='lat' dir='ltr'><strong>Cassii</strong></span> <span class='ocrx_word' id='word_1_76' title='bbox 712 1509 909 1593; x_wconf 72' lang='lat' dir='ltr'>proconsulis</span> <span class='ocrx_word' id='word_1_77' title='bbox 932 1510 1004 1573; x_wconf 91' lang='lat' dir='ltr'><strong>uuui</strong></span> <span class='ocrx_word' id='word_1_78' title='bbox 1028 1505 1192 1595; x_wconf 79' lang='lat' dir='ltr'>666l88‘),</span> <span class='ocrx_word' id='word_1_79' title='bbox 1219 1512 1252 1572; x_wconf 88' lang='lat' dir='ltr'><strong>et</strong></span> <span class='ocrx_word' id='word_1_80' title='bbox 1277 1507 1298 1592; x_wconf 77' lang='grc' dir='ltr'><em>ἡ</em></span> <span class='ocrx_word' id='word_1_81' title='bbox 1321 1507 1400 1590; x_wconf 85' lang='grc' dir='ltr'><strong><em>σύγ-</em></strong></span> 
     </span>
     <span class='ocr_line' id='line_1_9' title="bbox 125 1600 1515 1690; baseline -0.002 -20"><span class='ocrx_word' id='word_1_82' title='bbox 125 1609 242 1688; x_wconf 83' lang='grc' dir='ltr'><strong><em>κλητος</em></strong></span> <span class='ocrx_word' id='word_1_83' title='bbox 267 1605 320 1668; x_wconf 79' lang='grc' dir='ltr'><strong>καλ</strong></span> <span class='ocrx_word' id='word_1_84' title='bbox 351 1603 369 1670; x_wconf 94' lang='lat'>6</span> <span class='ocrx_word' id='word_1_85' title='bbox 396 1603 497 1687; x_wconf 79' lang='grc' dir='ltr'><strong><em>δῆμος</em></strong></span> <span class='ocrx_word' id='word_1_86' title='bbox 521 1614 589 1668; x_wconf 81' lang='grc' dir='ltr'><strong><em>τῶν</em></strong></span> <span class='ocrx_word' id='word_1_87' title='bbox 610 1601 788 1688; x_wconf 78' lang='grc' dir='ltr'><strong><em>Ῥωμαίων,</em></strong></span> <span class='ocrx_word' id='word_1_88' title='bbox 819 1608 856 1668; x_wconf 88' lang='lat' dir='ltr'><strong>ut</strong></span> <span class='ocrx_word' id='word_1_89' title='bbox 887 1605 920 1668; x_wconf 89' lang='lat' dir='ltr'><strong>in</strong></span> <span class='ocrx_word' id='word_1_90' title='bbox 952 1606 1157 1669; x_wconf 88' lang='lat' dir='ltr'><strong>monumento</strong></span> <span class='ocrx_word' id='word_1_91' title='bbox 1191 1600 1399 1690; x_wconf 82' lang='lat' dir='ltr'><strong>Ancyrano⁴).</strong></span> <span class='ocrx_word' id='word_1_92' title='bbox 1481 1620 1515 1668; x_wconf 81' lang='grc'><strong>.“</strong></span> 
     </span>
     <span class='ocr_line' id='line_1_10' title="bbox 125 1689 1436 1783; baseline -0.001 -20"><span class='ocrx_word' id='word_1_93' title='bbox 125 1697 321 1783; x_wconf 82' lang='lat' dir='ltr'><strong>Quamquam</strong></span> <span class='ocrx_word' id='word_1_94' title='bbox 344 1719 418 1764; x_wconf 79' lang='lat' dir='ltr'><strong>vero</strong></span> <span class='ocrx_word' id='word_1_95' title='bbox 441 1699 609 1764; x_wconf 88' lang='lat' dir='ltr'><strong>concilium</strong></span> <span class='ocrx_word' id='word_1_96' title='bbox 631 1696 766 1763; x_wconf 82' lang='lat' dir='ltr'><strong>Graecae</strong></span> <span class='ocrx_word' id='word_1_97' title='bbox 789 1699 925 1763; x_wconf 81' lang='lat' dir='ltr'><strong>civitatis</strong></span> <span class='ocrx_word' id='word_1_98' title='bbox 948 1721 1071 1783; x_wconf 88' lang='lat' dir='ltr'><strong>semper</strong></span> <span class='ocrx_word' id='word_1_99' title='bbox 1091 1701 1196 1782; x_wconf 72' lang='grc' dir='ltr'><strong><em>βουλή</em></strong></span> <span class='ocrx_word' id='word_1_100' title='bbox 1215 1698 1401 1782; x_wconf 85' lang='lat' dir='ltr'><strong>appellatur,</strong></span> <span class='ocrx_word' id='word_1_101' title='bbox 1431 1689 1436 1698; x_wconf 69' lang='lat'>&#39;</span> 
     </span>
     <span class='ocr_line' id='line_1_11' title="bbox 126 1793 1400 1878; baseline -0.002 -19"><span class='ocrx_word' id='word_1_102' title='bbox 126 1799 233 1859; x_wconf 61' lang='lat' dir='ltr'><strong>umen</strong></span> <span class='ocrx_word' id='word_1_103' title='bbox 255 1796 288 1858; x_wconf 94' lang='lat' dir='ltr'><strong>in</strong></span> <span class='ocrx_word' id='word_1_104' title='bbox 310 1794 456 1859; x_wconf 92' lang='lat' dir='ltr'><strong>omnibus</strong></span> <span class='ocrx_word' id='word_1_105' title='bbox 478 1794 689 1858; x_wconf 74' lang='lat' dir='ltr'><strong>monumentis</strong></span> <span class='ocrx_word' id='word_1_106' title='bbox 712 1793 751 1858; x_wconf 86' lang='lat' dir='ltr'><strong>ad</strong></span> <span class='ocrx_word' id='word_1_107' title='bbox 772 1816 822 1858; x_wconf 88' lang='lat' dir='ltr'><strong>res</strong></span> <span class='ocrx_word' id='word_1_108' title='bbox 839 1793 998 1858; x_wconf 87' lang='lat' dir='ltr'><strong>Romanas</strong></span> <span class='ocrx_word' id='word_1_109' title='bbox 1016 1793 1261 1878; x_wconf 88' lang='lat' dir='ltr'><strong>pertinentibus,</strong></span> <span class='ocrx_word' id='word_1_110' title='bbox 1279 1814 1350 1858; x_wconf 89' lang='lat' dir='ltr'><strong>uum</strong></span> <span class='ocrx_word' id='word_1_111' title='bbox 1366 1794 1400 1857; x_wconf 90' lang='lat' dir='ltr'><strong>in</strong></span> 
     </span>
     <span class='ocr_line' id='line_1_12' title="bbox 125 1886 1400 1974; baseline -0.001 -20"><span class='ocrx_word' id='word_1_112' title='bbox 125 1890 242 1954; x_wconf 83' lang='lat' dir='ltr'><strong>litteris</strong></span> <span class='ocrx_word' id='word_1_113' title='bbox 264 1889 399 1974; x_wconf 89' lang='lat' dir='ltr'><strong>publicis</strong></span> <span class='ocrx_word' id='word_1_114' title='bbox 421 1886 572 1952; x_wconf 85' lang='lat' dir='ltr'><strong>Romanis</strong></span> <span class='ocrx_word' id='word_1_115' title='bbox 593 1892 662 1953; x_wconf 88' lang='lat' dir='ltr'><strong>tum</strong></span> <span class='ocrx_word' id='word_1_116' title='bbox 685 1889 719 1953; x_wconf 92' lang='lat' dir='ltr'><strong>in</strong></span> <span class='ocrx_word' id='word_1_117' title='bbox 740 1889 842 1953; x_wconf 91' lang='lat' dir='ltr'><strong>titulis</strong></span> <span class='ocrx_word' id='word_1_118' title='bbox 865 1887 1005 1972; x_wconf 84' lang='lat' dir='ltr'><strong>Graecis,</strong></span> <span class='ocrx_word' id='word_1_119' title='bbox 1026 1911 1083 1973; x_wconf 88' lang='lat' dir='ltr'><strong>per</strong></span> <span class='ocrx_word' id='word_1_120' title='bbox 1105 1888 1283 1973; x_wconf 70' lang='grc' dir='ltr'><strong><em>σύγκλητος</em></strong></span> <span class='ocrx_word' id='word_1_121' title='bbox 1300 1888 1400 1953; x_wconf 82' lang='lat' dir='ltr'><strong>reddi·</strong></span> 
     </span>
     <span class='ocr_line' id='line_1_13' title="bbox 127 1983 1401 2068; baseline -0.001 -19"><span class='ocrx_word' id='word_1_122' title='bbox 127 1988 197 2049; x_wconf 87' lang='lat' dir='ltr'><strong>tum</strong></span> <span class='ocrx_word' id='word_1_123' title='bbox 233 1987 392 2068; x_wconf 90' lang='lat' dir='ltr'><strong>comparet</strong></span> <span class='ocrx_word' id='word_1_124' title='bbox 427 1984 613 2048; x_wconf 85' lang='lat' dir='ltr'><strong>vocabulum</strong></span> <span class='ocrx_word' id='word_1_125' title='bbox 648 1989 783 2068; x_wconf 70' lang='lat' dir='ltr'><strong>motata,</strong></span> <span class='ocrx_word' id='word_1_126' title='bbox 817 1988 854 2049; x_wconf 92' lang='lat' dir='ltr'><strong>nt</strong></span> <span class='ocrx_word' id='word_1_127' title='bbox 887 1984 965 2048; x_wconf 89' lang='lat' dir='ltr'><strong>haec</strong></span> <span class='ocrx_word' id='word_1_128' title='bbox 998 2005 1061 2048; x_wconf 81' lang='lat' dir='ltr'><strong>vox</strong></span> <span class='ocrx_word' id='word_1_129' title='bbox 1095 2005 1154 2068; x_wconf 90' lang='lat' dir='ltr'><strong>pro</strong></span> <span class='ocrx_word' id='word_1_130' title='bbox 1189 1983 1401 2068; x_wconf 76' lang='lat' dir='ltr'><strong>appellatione</strong></span> 
     </span>
     <span class='ocr_line' id='line_1_14' title="bbox 125 2077 1400 2154; baseline -0.001 -10"><span class='ocrx_word' id='word_1_131' title='bbox 125 2079 270 2151; x_wconf 84' lang='lat' dir='ltr'><strong>sollemni</strong></span> <span class='ocrx_word' id='word_1_132' title='bbox 292 2077 435 2142; x_wconf 84' lang='lat' dir='ltr'><strong>habenda</strong></span> <span class='ocrx_word' id='word_1_133' title='bbox 455 2079 505 2142; x_wconf 87' lang='lat' dir='ltr'><strong>sit</strong></span> <span class='ocrx_word' id='word_1_134' title='bbox 549 2077 649 2154; x_wconf 81' lang='lat' dir='ltr'><strong>Quam</strong></span> <span class='ocrx_word' id='word_1_135' title='bbox 672 2079 735 2143; x_wconf 92' lang='lat' dir='ltr'><strong>iam</strong></span> <span class='ocrx_word' id='word_1_136' title='bbox 757 2079 881 2144; x_wconf 89' lang='lat' dir='ltr'><strong>saeculo</strong></span> <span class='ocrx_word' id='word_1_137' title='bbox 904 2101 929 2143; x_wconf 86' lang='lat' dir='ltr'><strong>a</strong></span> <span class='ocrx_word' id='word_1_138' title='bbox 949 2077 1021 2143; x_wconf 81' lang='lat' dir='ltr'><strong>chr.</strong></span> <span class='ocrx_word' id='word_1_139' title='bbox 1044 2101 1073 2143; x_wconf 83' lang='lat' dir='ltr'><strong>n</strong></span> <span class='ocrx_word' id='word_1_140' title='bbox 1092 2079 1186 2144; x_wconf 89' lang='lat' dir='ltr'><strong>tertio</strong></span> <span class='ocrx_word' id='word_1_141' title='bbox 1204 2083 1400 2143; x_wconf 75' lang='lat' dir='ltr'><strong>constantem</strong></span> 
     </span>
     <span class='ocr_line' id='line_1_15' title="bbox 126 2172 1399 2258; baseline -0.002 -18"><span class='ocrx_word' id='word_1_142' title='bbox 126 2179 160 2240; x_wconf 88' lang='lat' dir='ltr'><strong>st</strong></span> <span class='ocrx_word' id='word_1_143' title='bbox 186 2178 303 2239; x_wconf 78' lang='lat' dir='ltr'><strong>oertam</strong></span> <span class='ocrx_word' id='word_1_144' title='bbox 329 2173 426 2238; x_wconf 79' lang='lat' dir='ltr'><strong>fuisse</strong></span> <span class='ocrx_word' id='word_1_145' title='bbox 447 2195 486 2237; x_wconf 84' lang='lat' dir='ltr'><strong>ex</strong></span> <span class='ocrx_word' id='word_1_146' title='bbox 508 2194 545 2238; x_wconf 91' lang='lat' dir='ltr'><strong>eo</strong></span> <span class='ocrx_word' id='word_1_147' title='bbox 567 2177 712 2257; x_wconf 86' lang='lat' dir='ltr'><strong>apparet,</strong></span> <span class='ocrx_word' id='word_1_148' title='bbox 742 2173 827 2257; x_wconf 84' lang='lat' dir='ltr'><strong>quod</strong></span> <span class='ocrx_word' id='word_1_149' title='bbox 858 2174 890 2239; x_wconf 93' lang='lat' dir='ltr'><strong>in</strong></span> <span class='ocrx_word' id='word_1_150' title='bbox 920 2172 1087 2257; x_wconf 81' lang='lat' dir='ltr'><strong>plebiscito</strong></span> <span class='ocrx_word' id='word_1_151' title='bbox 1114 2173 1399 2258; x_wconf 77' lang='lat' dir='ltr'><strong>Lampsacenorum</strong></span> 
     </span>
     <span class='ocr_line' id='line_1_16' title="bbox 124 2263 1400 2354; baseline -0.002 -20"><span class='ocrx_word' id='word_1_152' title='bbox 124 2291 152 2334; x_wconf 78' lang='lat' dir='ltr'><strong>a</strong></span> <span class='ocrx_word' id='word_1_153' title='bbox 175 2268 314 2352; x_wconf 75' lang='grc'>6681166</span> <span class='ocrx_word' id='word_1_154' title='bbox 349 2264 498 2354; x_wconf 57' lang='lat' dir='ltr'><strong>scriptu)</strong></span> <span class='ocrx_word' id='word_1_155' title='bbox 532 2268 721 2334; x_wconf 81' lang='lat' dir='ltr'><strong>vocabulum</strong></span> <span class='ocrx_word' id='word_1_156' title='bbox 752 2269 944 2353; x_wconf 71' lang='grc' dir='ltr'><strong><em>σύγκλητος,</em></strong></span> <span class='ocrx_word' id='word_1_157' title='bbox 980 2290 1043 2352; x_wconf 93' lang='lat' dir='ltr'><strong>quo</strong></span> <span class='ocrx_word' id='word_1_158' title='bbox 1078 2272 1205 2333; x_wconf 89' lang='lat' dir='ltr'><strong>senatus</strong></span> <span class='ocrx_word' id='word_1_159' title='bbox 1238 2263 1400 2334; x_wconf 79' lang='lat' dir='ltr'><strong>Romanus</strong></span> 
     </span>
     <span class='ocr_line' id='line_1_17' title="bbox 125 2363 1402 2451; baseline -0.002 -21"><span class='ocrx_word' id='word_1_160' title='bbox 125 2365 335 2451; x_wconf 73' lang='lat' dir='ltr'><strong>significatur,</strong></span> <span class='ocrx_word' id='word_1_161' title='bbox 352 2365 421 2428; x_wconf 81' lang='lat' dir='ltr'><strong>voci</strong></span> <span class='ocrx_word' id='word_1_162' title='bbox 439 2365 556 2447; x_wconf 77' lang='grc' dir='ltr'><strong><em>βουλη,</em></strong></span> <span class='ocrx_word' id='word_1_163' title='bbox 578 2385 657 2447; x_wconf 90' lang='lat' dir='ltr'><strong>quae</strong></span> <span class='ocrx_word' id='word_1_164' title='bbox 678 2367 726 2427; x_wconf 89' lang='lat' dir='ltr'><strong>est</strong></span> <span class='ocrx_word' id='word_1_165' title='bbox 744 2363 912 2428; x_wconf 89' lang='lat' dir='ltr'><strong>concilium</strong></span> <span class='ocrx_word' id='word_1_166' title='bbox 930 2383 1087 2428; x_wconf 90' lang='lat' dir='ltr'><strong>summum</strong></span> <span class='ocrx_word' id='word_1_167' title='bbox 1106 2363 1402 2448; x_wconf 87' lang='lat' dir='ltr'><strong>Lampsacenorum,</strong></span> 
     </span>
     <span class='ocr_line' id='line_1_18' title="bbox 125 2456 1402 2546; baseline -0.001 -21"><span class='ocrx_word' id='word_1_168' title='bbox 125 2460 311 2546; x_wconf 86' lang='lat' dir='ltr'><strong>opponitur,</strong></span> <span class='ocrx_word' id='word_1_169' title='bbox 341 2459 424 2523; x_wconf 87' lang='lat' dir='ltr'><strong>sicut</strong></span> <span class='ocrx_word' id='word_1_170' title='bbox 453 2457 537 2543; x_wconf 85' lang='lat' dir='ltr'><strong>apud</strong></span> <span class='ocrx_word' id='word_1_171' title='bbox 570 2456 770 2544; x_wconf 78' lang='lat' dir='ltr'><strong>Polybium&#39;)</strong></span> <span class='ocrx_word' id='word_1_172' title='bbox 801 2480 926 2543; x_wconf 90' lang='lat' dir='ltr'><strong>qnoque</strong></span> <span class='ocrx_word' id='word_1_173' title='bbox 956 2463 1097 2523; x_wconf 88' lang='lat' dir='ltr'><strong>senatum</strong></span> <span class='ocrx_word' id='word_1_174' title='bbox 1127 2481 1185 2543; x_wconf 89' lang='lat' dir='ltr'><strong>per</strong></span> <span class='ocrx_word' id='word_1_175' title='bbox 1212 2459 1402 2543; x_wconf 74' lang='grc' dir='ltr'><strong><em>σύγκλητος,</em></strong></span> 
     </span>
     <span class='ocr_line' id='line_1_19' title="bbox 125 2551 1401 2641; baseline -0.002 -21"><span class='ocrx_word' id='word_1_176' title='bbox 125 2555 294 2620; x_wconf 89' lang='lat' dir='ltr'><strong>concilium</strong></span> <span class='ocrx_word' id='word_1_177' title='bbox 323 2551 579 2639; x_wconf 75' lang='lat' dir='ltr'><strong>Carthaginiense</strong></span> <span class='ocrx_word' id='word_1_178' title='bbox 605 2575 679 2619; x_wconf 82' lang='lat' dir='ltr'><strong>uero</strong></span> <span class='ocrx_word' id='word_1_179' title='bbox 706 2575 763 2638; x_wconf 89' lang='lat' dir='ltr'><strong>per</strong></span> <span class='ocrx_word' id='word_1_180' title='bbox 787 2552 973 2641; x_wconf 73' lang='lat' dir='ltr'><strong>ycpovuia&#39;)</strong></span> <span class='ocrx_word' id='word_1_181' title='bbox 994 2554 1192 2639; x_wconf 78' lang='lat' dir='ltr'><strong>designatum</strong></span> <span class='ocrx_word' id='word_1_182' title='bbox 1216 2554 1401 2619; x_wconf 76' lang='lat' dir='ltr'><strong>invenimus</strong></span> 
     </span>
     <span class='ocr_line' id='line_1_20' title="bbox 125 2647 1454 2742; baseline -0.001 -28"><span class='ocrx_word' id='word_1_183' title='bbox 125 2647 238 2734; x_wconf 85' lang='lat' dir='ltr'><strong>Itaque</strong></span> <span class='ocrx_word' id='word_1_184' title='bbox 263 2670 327 2714; x_wconf 90' lang='lat' dir='ltr'><strong>nou</strong></span> <span class='ocrx_word' id='word_1_185' title='bbox 353 2648 455 2713; x_wconf 90' lang='lat' dir='ltr'><strong>solum</strong></span> <span class='ocrx_word' id='word_1_186' title='bbox 482 2649 515 2713; x_wconf 93' lang='lat' dir='ltr'><strong>in</strong></span> <span class='ocrx_word' id='word_1_187' title='bbox 540 2649 642 2742; x_wconf 85' lang='lat' dir='ltr'><strong>titulis</strong></span> <span class='ocrx_word' id='word_1_188' title='bbox 669 2649 895 2732; x_wconf 87' lang='lat' dir='ltr'><strong>antiquissimis</strong></span> <span class='ocrx_word' id='word_1_189' title='bbox 921 2649 975 2714; x_wconf 87' lang='lat' dir='ltr'><strong>sed</strong></span> <span class='ocrx_word' id='word_1_190' title='bbox 1002 2649 1097 2714; x_wconf 90' lang='lat' dir='ltr'><strong>etiam</strong></span> <span class='ocrx_word' id='word_1_191' title='bbox 1126 2649 1209 2734; x_wconf 84' lang='lat' dir='ltr'><strong>apud</strong></span> <span class='ocrx_word' id='word_1_192' title='bbox 1232 2648 1400 2734; x_wconf 77' lang='lat' dir='ltr'><strong>Polybium</strong></span> <span class='ocrx_word' id='word_1_193' title='bbox 1449 2720 1454 2726; x_wconf 54' lang='grc'><strong><em>,</em></strong></span> 
     </span>
     <span class='ocr_line' id='line_1_21' title="bbox 125 2742 1402 2830; baseline 0 -21"><span class='ocrx_word' id='word_1_194' title='bbox 125 2747 282 2830; x_wconf 83' lang='lat' dir='ltr'><strong>reperitur</strong></span> <span class='ocrx_word' id='word_1_195' title='bbox 302 2742 472 2829; x_wconf 84' lang='lat' dir='ltr'><strong>appellatio</strong></span> <span class='ocrx_word' id='word_1_196' title='bbox 495 2742 656 2808; x_wconf 89' lang='lat' dir='ltr'><strong>sollemnis</strong></span> <span class='ocrx_word' id='word_1_197' title='bbox 674 2744 865 2828; x_wconf 82' lang='grc' dir='ltr'><strong><em>σύγκλητος,</em></strong></span> <span class='ocrx_word' id='word_1_198' title='bbox 886 2766 966 2829; x_wconf 92' lang='lat' dir='ltr'><strong>quae</strong></span> <span class='ocrx_word' id='word_1_199' title='bbox 983 2744 1166 2808; x_wconf 85' lang='lat' dir='ltr'><strong>inferiorum</strong></span> <span class='ocrx_word' id='word_1_200' title='bbox 1184 2766 1310 2828; x_wconf 90' lang='lat' dir='ltr'><strong>quoque</strong></span> <span class='ocrx_word' id='word_1_201' title='bbox 1325 2749 1402 2810; x_wconf 90' lang='lat' dir='ltr'><strong>tem·</strong></span> 
     </span>
     <span class='ocr_line' id='line_1_22' title="bbox 125 2838 1403 2926; baseline 0.001 -22"><span class='ocrx_word' id='word_1_202' title='bbox 125 2861 240 2926; x_wconf 91' lang='lat' dir='ltr'><strong>porum</strong></span> <span class='ocrx_word' id='word_1_203' title='bbox 270 2838 388 2924; x_wconf 89' lang='lat' dir='ltr'><strong>ubique</strong></span> <span class='ocrx_word' id='word_1_204' title='bbox 413 2840 447 2902; x_wconf 91' lang='lat' dir='ltr'><strong>iu</strong></span> <span class='ocrx_word' id='word_1_205' title='bbox 472 2839 574 2904; x_wconf 83' lang='lat' dir='ltr'><strong>titulis</strong></span> <span class='ocrx_word' id='word_1_206' title='bbox 605 2844 638 2904; x_wconf 90' lang='lat' dir='ltr'><strong>et</strong></span> <span class='ocrx_word' id='word_1_207' title='bbox 663 2839 747 2924; x_wconf 85' lang='lat' dir='ltr'><strong>apud</strong></span> <span class='ocrx_word' id='word_1_208' title='bbox 773 2841 941 2924; x_wconf 78' lang='lat' dir='ltr'><strong>scriptores</strong></span> <span class='ocrx_word' id='word_1_209' title='bbox 971 2844 1146 2924; x_wconf 89' lang='lat' dir='ltr'><strong>comparet,</strong></span> <span class='ocrx_word' id='word_1_210' title='bbox 1178 2839 1334 2924; x_wconf 79' lang='lat' dir='ltr'><strong>Dionysio</strong></span> <span class='ocrx_word' id='word_1_211' title='bbox 1366 2861 1403 2906; x_wconf 90' lang='lat' dir='ltr'><strong>ac</strong></span> 
     </span>
     <span class='ocr_line' id='line_1_23' title="bbox 128 2932 1403 3020; baseline -0.001 -19"><span class='ocrx_word' id='word_1_212' title='bbox 128 2934 237 3001; x_wconf 82' lang='lat' dir='ltr'><strong>Cassio</strong></span> <span class='ocrx_word' id='word_1_213' title='bbox 263 2932 397 3020; x_wconf 84' lang='lat' dir='ltr'><strong>Dious¹)</strong></span> <span class='ocrx_word' id='word_1_214' title='bbox 424 2936 576 3019; x_wconf 84' lang='lat' dir='ltr'><strong>exceptis,</strong></span> <span class='ocrx_word' id='word_1_215' title='bbox 604 2955 674 2999; x_wconf 85' lang='lat' dir='ltr'><strong>oum</strong></span> <span class='ocrx_word' id='word_1_216' title='bbox 701 2934 736 2999; x_wconf 90' lang='lat' dir='ltr'><strong>in</strong></span> <span class='ocrx_word' id='word_1_217' title='bbox 761 2935 863 3000; x_wconf 81' lang='lat' dir='ltr'><strong>forma</strong></span> <span class='ocrx_word' id='word_1_218' title='bbox 888 2935 975 3000; x_wconf 81' lang='lat' dir='ltr'><strong>brevi</strong></span> <span class='ocrx_word' id='word_1_219' title='bbox 1001 2956 1039 2999; x_wconf 91' lang='lat' dir='ltr'><strong>ac</strong></span> <span class='ocrx_word' id='word_1_220' title='bbox 1065 2934 1187 3020; x_wconf 79' lang='lat' dir='ltr'><strong>vulgari</strong></span> <span class='ocrx_word' id='word_1_221' title='bbox 1213 2936 1403 3018; x_wconf 77' lang='grc' dir='ltr'><strong><em>σύγκλητος,</em></strong></span> 
     </span>
     <span class='ocr_line' id='line_1_24' title="bbox 126 3029 1454 3115; baseline -0.002 -18"><span class='ocrx_word' id='word_1_222' title='bbox 126 3036 196 3097; x_wconf 86' lang='lat' dir='ltr'><strong>tum</strong></span> <span class='ocrx_word' id='word_1_223' title='bbox 228 3031 261 3095; x_wconf 90' lang='lat' dir='ltr'><strong>in</strong></span> <span class='ocrx_word' id='word_1_224' title='bbox 291 3031 385 3115; x_wconf 90' lang='lat' dir='ltr'><strong>plena</strong></span> <span class='ocrx_word' id='word_1_225' title='bbox 414 3029 435 3113; x_wconf 76' lang='grc' dir='ltr'><strong><em>η</em></strong></span> <span class='ocrx_word' id='word_1_226' title='bbox 465 3030 643 3115; x_wconf 82' lang='grc' dir='ltr'><strong><em>σύγκλητος</em></strong></span> <span class='ocrx_word' id='word_1_227' title='bbox 672 3032 790 3115; x_wconf 75' lang='grc' dir='ltr'><strong><em>βουλή,</em></strong></span> <span class='ocrx_word' id='word_1_228' title='bbox 824 3053 905 3115; x_wconf 85' lang='lat' dir='ltr'><strong>quae</strong></span> <span class='ocrx_word' id='word_1_229' title='bbox 934 3031 968 3095; x_wconf 92' lang='lat' dir='ltr'><strong>iu</strong></span> <span class='ocrx_word' id='word_1_230' title='bbox 999 3029 1100 3094; x_wconf 86' lang='lat' dir='ltr'><strong>titulis</strong></span> <span class='ocrx_word' id='word_1_231' title='bbox 1131 3030 1255 3096; x_wconf 86' lang='lat' dir='ltr'><strong>duobus</strong></span> <span class='ocrx_word' id='word_1_232' title='bbox 1286 3030 1402 3095; x_wconf 87' lang='lat' dir='ltr'><strong>saeculi</strong></span> <span class='ocrx_word' id='word_1_233' title='bbox 1446 3054 1454 3061; x_wconf 90' lang='lat'>·</span> 
     </span>
     <span class='ocr_line' id='line_1_25' title="bbox 126 3123 1402 3212; baseline -0.002 -20"><span class='ocrx_word' id='word_1_234' title='bbox 126 3123 247 3212; x_wconf 79' lang='lat' dir='ltr'><strong>tsrtii&#39;)</strong></span> <span class='ocrx_word' id='word_1_235' title='bbox 264 3131 297 3190; x_wconf 87' lang='lat' dir='ltr'><strong>et</strong></span> <span class='ocrx_word' id='word_1_236' title='bbox 313 3126 398 3210; x_wconf 86' lang='lat' dir='ltr'><strong>apud</strong></span> <span class='ocrx_word' id='word_1_237' title='bbox 411 3123 624 3191; x_wconf 85' lang='lat' dir='ltr'><strong>Herodianum</strong></span> <span class='ocrx_word' id='word_1_238' title='bbox 642 3124 735 3190; x_wconf 89' lang='lat' dir='ltr'><strong>nobis</strong></span> <span class='ocrx_word' id='word_1_239' title='bbox 752 3127 894 3191; x_wconf 87' lang='lat' dir='ltr'><strong>occurrit</strong></span> <span class='ocrx_word' id='word_1_240' title='bbox 929 3123 995 3191; x_wconf 90' lang='lat' dir='ltr'><strong>Iam</strong></span> <span class='ocrx_word' id='word_1_241' title='bbox 1014 3125 1054 3191; x_wconf 87' lang='lat' dir='ltr'><strong>ds</strong></span> <span class='ocrx_word' id='word_1_242' title='bbox 1069 3125 1165 3191; x_wconf 83' lang='lat' dir='ltr'><strong>huius</strong></span> <span class='ocrx_word' id='word_1_243' title='bbox 1179 3126 1402 3211; x_wconf 87' lang='lat' dir='ltr'><strong>appellationis</strong></span> 
     </span>
     <span class='ocr_line' id='line_1_26' title="bbox 127 3219 1402 3308; baseline -0.002 -21"><span class='ocrx_word' id='word_1_244' title='bbox 127 3223 250 3308; x_wconf 80' lang='lat' dir='ltr'><strong>origine</strong></span> <span class='ocrx_word' id='word_1_245' title='bbox 278 3241 378 3305; x_wconf 88' lang='lat' dir='ltr'><strong>panca</strong></span> <span class='ocrx_word' id='word_1_246' title='bbox 406 3219 547 3286; x_wconf 82' lang='lat' dir='ltr'><strong>addenda</strong></span> <span class='ocrx_word' id='word_1_247' title='bbox 574 3226 656 3285; x_wconf 83' lang='lat' dir='ltr'><strong>sunt</strong></span> <span class='ocrx_word' id='word_1_248' title='bbox 706 3219 753 3287; x_wconf 89' lang='lat' dir='ltr'><strong>Ut</strong></span> <span class='ocrx_word' id='word_1_249' title='bbox 779 3222 965 3287; x_wconf 79' lang='lat' dir='ltr'><strong>Aristoteles</strong></span> <span class='ocrx_word' id='word_1_250' title='bbox 994 3242 1070 3287; x_wconf 84' lang='lat' dir='ltr'><strong>voce</strong></span> <span class='ocrx_word' id='word_1_251' title='bbox 1097 3221 1277 3306; x_wconf 74' lang='grc' dir='ltr'><strong><em>σύγκλητος</em></strong></span> <span class='ocrx_word' id='word_1_252' title='bbox 1306 3219 1402 3285; x_wconf 87' lang='lat' dir='ltr'><strong>semel</strong></span> 
     </span>
     <span class='ocr_line' id='line_1_27' title="bbox 127 3313 1426 3403; baseline 0.003 -21"><span class='ocrx_word' id='word_1_253' title='bbox 127 3339 204 3382; x_wconf 83' lang='lat' dir='ltr'><strong>usna</strong></span> <span class='ocrx_word' id='word_1_254' title='bbox 225 3313 334 3403; x_wconf 55' lang='grc' dir='ltr'><strong>σοῦ’),</strong></span> <span class='ocrx_word' id='word_1_255' title='bbox 362 3338 425 3401; x_wconf 91' lang='lat' dir='ltr'><strong>qua</strong></span> <span class='ocrx_word' id='word_1_256' title='bbox 452 3316 621 3382; x_wconf 88' lang='lat' dir='ltr'><strong>concilium</strong></span> <span class='ocrx_word' id='word_1_257' title='bbox 650 3318 788 3382; x_wconf 89' lang='lat' dir='ltr'><strong>conticui</strong></span> <span class='ocrx_word' id='word_1_258' title='bbox 818 3319 929 3403; x_wconf 89' lang='lat' dir='ltr'><strong>populi</strong></span> <span class='ocrx_word' id='word_1_259' title='bbox 957 3320 1148 3402; x_wconf 86' lang='lat' dir='ltr'><strong>opponatur,</strong></span> <span class='ocrx_word' id='word_1_260' title='bbox 1176 3319 1222 3382; x_wconf 94' lang='lat' dir='ltr'><strong>ita</strong></span> <span class='ocrx_word' id='word_1_261' title='bbox 1250 3319 1284 3381; x_wconf 93' lang='lat' dir='ltr'><strong>in</strong></span> <span class='ocrx_word' id='word_1_262' title='bbox 1310 3316 1426 3398; x_wconf 34' lang='lat' dir='ltr'><strong>rebua·</strong></span> 
     </span>
     <span class='ocr_line' id='line_1_28' title="bbox 127 3409 1403 3498; baseline -0.001 -21"><span class='ocrx_word' id='word_1_263' title='bbox 127 3410 265 3498; x_wconf 85' lang='lat' dir='ltr'><strong>publicis</strong></span> <span class='ocrx_word' id='word_1_264' title='bbox 287 3409 433 3476; x_wconf 81' lang='lat' dir='ltr'><strong>Graeciae</strong></span> <span class='ocrx_word' id='word_1_265' title='bbox 454 3432 517 3477; x_wconf 92' lang='lat' dir='ltr'><strong>nou</strong></span> <span class='ocrx_word' id='word_1_266' title='bbox 540 3413 573 3476; x_wconf 91' lang='lat' dir='ltr'><strong>iu</strong></span> <span class='ocrx_word' id='word_1_267' title='bbox 595 3434 654 3477; x_wconf 91' lang='lat' dir='ltr'><strong>usu</strong></span> <span class='ocrx_word' id='word_1_268' title='bbox 676 3413 773 3477; x_wconf 79' lang='lat' dir='ltr'><strong>luisse</strong></span> <span class='ocrx_word' id='word_1_269' title='bbox 794 3412 917 3478; x_wconf 81' lang='lat' dir='ltr'><strong>ridetur</strong></span> <span class='ocrx_word' id='word_1_270' title='bbox 936 3409 1218 3497; x_wconf 64' lang='lat' dir='ltr'><strong>homonculum,</strong></span> <span class='ocrx_word' id='word_1_271' title='bbox 1236 3410 1321 3497; x_wconf 84' lang='lat' dir='ltr'><strong>quod</strong></span> <span class='ocrx_word' id='word_1_272' title='bbox 1339 3432 1403 3476; x_wconf 92' lang='lat' dir='ltr'><strong>nou</strong></span> 
     </span>
     <span class='ocr_line' id='line_1_29' title="bbox 128 3505 1403 3593; baseline -0.001 -20"><span class='ocrx_word' id='word_1_273' title='bbox 128 3507 192 3573; x_wconf 84' lang='lat' dir='ltr'><strong>nisi</strong></span> <span class='ocrx_word' id='word_1_274' title='bbox 215 3507 248 3573; x_wconf 93' lang='lat' dir='ltr'><strong>in</strong></span> <span class='ocrx_word' id='word_1_275' title='bbox 270 3507 363 3571; x_wconf 91' lang='lat' dir='ltr'><strong>titulo</strong></span> <span class='ocrx_word' id='word_1_276' title='bbox 381 3505 581 3592; x_wconf 81' lang='lat' dir='ltr'><strong>Amphiaraei</strong></span> <span class='ocrx_word' id='word_1_277' title='bbox 603 3505 791 3593; x_wconf 90' lang='lat' dir='ltr'><strong>Oropiorum</strong></span> <span class='ocrx_word' id='word_1_278' title='bbox 809 3529 854 3574; x_wconf 81' lang='lat' dir='ltr'><strong>ca</strong></span> <span class='ocrx_word' id='word_1_279' title='bbox 876 3508 938 3574; x_wconf 82' lang='lat'><strong>166</strong></span> <span class='ocrx_word' id='word_1_280' title='bbox 955 3531 981 3572; x_wconf 78' lang='lat' dir='ltr'><strong>a</strong></span> <span class='ocrx_word' id='word_1_281' title='bbox 1000 3505 1071 3572; x_wconf 75' lang='lat' dir='ltr'><strong>cm.</strong></span> <span class='ocrx_word' id='word_1_282' title='bbox 1089 3529 1119 3572; x_wconf 84' lang='lat' dir='ltr'><strong>n</strong></span> <span class='ocrx_word' id='word_1_283' title='bbox 1138 3508 1256 3593; x_wconf 87' lang='lat' dir='ltr'><strong>scripto</strong></span> <span class='ocrx_word' id='word_1_284' title='bbox 1264 3505 1303 3593; x_wconf 87' lang='lat'><strong>¹¹)</strong></span> <span class='ocrx_word' id='word_1_285' title='bbox 1320 3528 1403 3573; x_wconf 89' lang='lat' dir='ltr'><strong>com·</strong></span> 
     </span>
     <span class='ocr_line' id='line_1_30' title="bbox 128 3601 1404 3689; baseline 0 -23"><span class='ocrx_word' id='word_1_286' title='bbox 128 3605 234 3689; x_wconf 77' lang='lat' dir='ltr'><strong>pust.</strong></span> <span class='ocrx_word' id='word_1_287' title='bbox 263 3601 317 3666; x_wconf 91' lang='lat' dir='ltr'><strong>ubi</strong></span> <span class='ocrx_word' id='word_1_288' title='bbox 344 3602 512 3667; x_wconf 87' lang='lat' dir='ltr'><strong>concilium</strong></span> <span class='ocrx_word' id='word_1_289' title='bbox 539 3625 696 3667; x_wconf 89' lang='lat' dir='ltr'><strong>summum</strong></span> <span class='ocrx_word' id='word_1_290' title='bbox 723 3602 919 3668; x_wconf 84' lang='lat' dir='ltr'><strong>Achaeorum</strong></span> <span class='ocrx_word' id='word_1_291' title='bbox 947 3603 1073 3668; x_wconf 88' lang='lat' dir='ltr'><strong>indicat</strong></span> <span class='ocrx_word' id='word_1_292' title='bbox 1121 3601 1184 3667; x_wconf 84' lang='lat' dir='ltr'><strong>Sed</strong></span> <span class='ocrx_word' id='word_1_293' title='bbox 1210 3605 1244 3668; x_wconf 92' lang='lat' dir='ltr'><strong>in</strong></span> <span class='ocrx_word' id='word_1_294' title='bbox 1270 3601 1404 3688; x_wconf 81' lang='lat' dir='ltr'><strong>Magnas</strong></span> 
     </span>
     <span class='ocr_line' id='line_1_31' title="bbox 128 3696 1521 3785; baseline -0.002 -21"><span class='ocrx_word' id='word_1_295' title='bbox 128 3697 278 3764; x_wconf 76' lang='lat' dir='ltr'><strong>Graeciae</strong></span> <span class='ocrx_word' id='word_1_296' title='bbox 292 3697 470 3763; x_wconf 76' lang='lat' dir='ltr'><strong>civitatibus</strong></span> <span class='ocrx_word' id='word_1_297' title='bbox 484 3718 559 3763; x_wconf 80' lang='lat' dir='ltr'><strong>vocs</strong></span> <span class='ocrx_word' id='word_1_298' title='bbox 568 3698 746 3781; x_wconf 83' lang='grc' dir='ltr'><strong><em>σύγκλητος</em></strong></span> <span class='ocrx_word' id='word_1_299' title='bbox 759 3721 826 3764; x_wconf 85' lang='lat' dir='ltr'><strong>esse</strong></span> <span class='ocrx_word' id='word_1_300' title='bbox 840 3699 1049 3785; x_wconf 81' lang='lat' dir='ltr'><strong>significatum</strong></span> <span class='ocrx_word' id='word_1_301' title='bbox 1064 3696 1230 3763; x_wconf 87' lang='lat' dir='ltr'><strong>concilium</strong></span> <span class='ocrx_word' id='word_1_302' title='bbox 1245 3719 1403 3762; x_wconf 88' lang='lat' dir='ltr'><strong>summum</strong></span> <span class='ocrx_word' id='word_1_303' title='bbox 1512 3734 1521 3740; x_wconf 89' lang='lat'><em>-</em></span> 
     </span>
     <span class='ocr_line' id='line_1_32' title="bbox 127 3791 1403 3880; baseline -0.002 -21"><span class='ocrx_word' id='word_1_304' title='bbox 127 3798 213 3859; x_wconf 81' lang='lat' dir='ltr'><strong>recte</strong></span> <span class='ocrx_word' id='word_1_305' title='bbox 235 3792 377 3857; x_wconf 82' lang='lat' dir='ltr'><strong>docuisse</strong></span> <span class='ocrx_word' id='word_1_306' title='bbox 399 3792 521 3858; x_wconf 80' lang='lat' dir='ltr'><strong>videtm</strong></span> <span class='ocrx_word' id='word_1_307' title='bbox 536 3791 766 3880; x_wconf 62' lang='lat' dir='ltr'><strong>Mommsenffl</strong></span> <span class='ocrx_word' id='word_1_308' title='bbox 809 3793 887 3860; x_wconf 78' lang='lat' dir='ltr'><strong>&#39;fres</strong></span> <span class='ocrx_word' id='word_1_309' title='bbox 909 3794 993 3859; x_wconf 89' lang='lat' dir='ltr'><strong>enim</strong></span> <span class='ocrx_word' id='word_1_310' title='bbox 1015 3792 1100 3858; x_wconf 87' lang='lat' dir='ltr'><strong>tituli</strong></span> <span class='ocrx_word' id='word_1_311' title='bbox 1127 3794 1190 3860; x_wconf 84' lang='lat' dir='ltr'><strong>hoc</strong></span> <span class='ocrx_word' id='word_1_312' title='bbox 1216 3792 1403 3858; x_wconf 88' lang='lat' dir='ltr'><strong>vocabulum</strong></span> 
     </span>
     <span class='ocr_line' id='line_1_33' title="bbox 128 3886 1403 3973; baseline -0.002 -19"><span class='ocrx_word' id='word_1_313' title='bbox 128 3888 293 3971; x_wconf 81' lang='lat' dir='ltr'><strong>exhibent,</strong></span> <span class='ocrx_word' id='word_1_314' title='bbox 319 3886 546 3973; x_wconf 79' lang='lat' dir='ltr'><strong>Neapolitanus</strong></span> <span class='ocrx_word' id='word_1_315' title='bbox 573 3889 687 3955; x_wconf 81' lang='lat' dir='ltr'><strong>saeculi</strong></span> <span class='ocrx_word' id='word_1_316' title='bbox 715 3911 742 3952; x_wconf 79' lang='lat' dir='ltr'><strong>a</strong></span> <span class='ocrx_word' id='word_1_317' title='bbox 760 3887 832 3954; x_wconf 82' lang='lat' dir='ltr'><strong>chr.</strong></span> <span class='ocrx_word' id='word_1_318' title='bbox 854 3912 884 3955; x_wconf 83' lang='lat' dir='ltr'><strong>n</strong></span> <span class='ocrx_word' id='word_1_319' title='bbox 902 3891 1031 3954; x_wconf 86' lang='lat' dir='ltr'><strong>alterins</strong></span> <span class='ocrx_word' id='word_1_320' title='bbox 1057 3889 1201 3954; x_wconf 86' lang='lat' dir='ltr'><strong>exeuntis</strong></span> <span class='ocrx_word' id='word_1_321' title='bbox 1227 3893 1284 3952; x_wconf 89' lang='lat' dir='ltr'><strong>aut</strong></span> <span class='ocrx_word' id='word_1_322' title='bbox 1309 3888 1403 3972; x_wconf 89' lang='lat' dir='ltr'><strong>primi</strong></span> 
     </span>
     <span class='ocr_line' id='line_1_34' title="bbox 128 3981 1404 4070; baseline -0.001 -21"><span class='ocrx_word' id='word_1_323' title='bbox 128 3981 326 4070; x_wconf 81' lang='lat' dir='ltr'><strong>incuntis¹⁸),</strong></span> <span class='ocrx_word' id='word_1_324' title='bbox 355 3983 410 4048; x_wconf 92' lang='lat' dir='ltr'><strong>ubi</strong></span> <span class='ocrx_word' id='word_1_325' title='bbox 440 3988 489 4049; x_wconf 84' lang='lat' dir='ltr'><strong>est</strong></span> <span class='ocrx_word' id='word_1_326' title='bbox 518 3983 654 4068; x_wconf 75' lang='grc' dir='ltr'><strong><em>δόγματι</em></strong></span> <span class='ocrx_word' id='word_1_327' title='bbox 685 3987 881 4068; x_wconf 76' lang='grc' dir='ltr'><strong><em>συγκλήτου,</em></strong></span> <span class='ocrx_word' id='word_1_328' title='bbox 911 3984 1022 4050; x_wconf 80' lang='lat' dir='ltr'><strong>deinde</strong></span> <span class='ocrx_word' id='word_1_329' title='bbox 1057 3983 1216 4049; x_wconf 84' lang='lat' dir='ltr'><strong>decretum</strong></span> <span class='ocrx_word' id='word_1_330' title='bbox 1251 3982 1404 4070; x_wconf 76' lang='lat' dir='ltr'><strong>Agrigen-</strong></span> 
     </span>
     <span class='ocr_line' id='line_1_35' title="bbox 129 4076 1404 4167; baseline -0.001 -23"><span class='ocrx_word' id='word_1_331' title='bbox 129 4084 236 4144; x_wconf 86' lang='lat' dir='ltr'><strong>torum</strong></span> <span class='ocrx_word' id='word_1_332' title='bbox 258 4076 373 4143; x_wconf 86' lang='lat' dir='ltr'><strong>saeculi</strong></span> <span class='ocrx_word' id='word_1_333' title='bbox 395 4101 420 4143; x_wconf 84' lang='lat' dir='ltr'><strong>a</strong></span> <span class='ocrx_word' id='word_1_334' title='bbox 439 4077 511 4143; x_wconf 79' lang='lat' dir='ltr'><strong>chr.</strong></span> <span class='ocrx_word' id='word_1_335' title='bbox 532 4100 562 4143; x_wconf 81' lang='lat' dir='ltr'><strong>n</strong></span> <span class='ocrx_word' id='word_1_336' title='bbox 581 4079 665 4144; x_wconf 85' lang='lat' dir='ltr'><strong>tertii</strong></span> <span class='ocrx_word' id='word_1_337' title='bbox 688 4079 889 4167; x_wconf 79' lang='lat' dir='ltr'><strong>exeuntis¹⁴),</strong></span> <span class='ocrx_word' id='word_1_338' title='bbox 910 4079 999 4158; x_wconf 72' lang='grc' dir='ltr'><strong><em>ἔδοξε</em></strong></span> <span class='ocrx_word' id='word_1_339' title='bbox 1020 4089 1060 4166; x_wconf 67' lang='grc' dir='ltr'><strong><em>τᾷ</em></strong></span> <span class='ocrx_word' id='word_1_340' title='bbox 1082 4079 1159 4165; x_wconf 66' lang='grc' dir='ltr'><strong>ἄλλᾳ</strong></span> <span class='ocrx_word' id='word_1_341' title='bbox 1178 4079 1267 4144; x_wconf 70' lang='lat' dir='ltr'><strong>aaut</strong></span> <span class='ocrx_word' id='word_1_342' title='bbox 1288 4079 1342 4144; x_wconf 80' lang='grc' dir='ltr'><strong>καλ</strong></span> <span class='ocrx_word' id='word_1_343' title='bbox 1364 4086 1404 4164; x_wconf 72' lang='grc' dir='ltr'><strong><em>τᾷ</em></strong></span> 
     </span>
     <span class='ocr_line' id='line_1_36' title="bbox 128 4172 1492 4260; baseline -0.001 -20"><span class='ocrx_word' id='word_1_344' title='bbox 128 4176 313 4260; x_wconf 75' lang='grc' dir='ltr'><strong><em>συνκλητφ,</em></strong></span> <span class='ocrx_word' id='word_1_345' title='bbox 342 4172 475 4258; x_wconf 85' lang='lat' dir='ltr'><strong>deniqne</strong></span> <span class='ocrx_word' id='word_1_346' title='bbox 506 4174 663 4240; x_wconf 83' lang='lat' dir='ltr'><strong>decretum</strong></span> <span class='ocrx_word' id='word_1_347' title='bbox 695 4173 904 4240; x_wconf 81' lang='lat' dir='ltr'><strong>Melitensium</strong></span> <span class='ocrx_word' id='word_1_348' title='bbox 938 4176 1050 4240; x_wconf 87' lang='lat' dir='ltr'><strong>aetatis</strong></span> <span class='ocrx_word' id='word_1_349' title='bbox 1083 4172 1283 4260; x_wconf 78' lang='lat' dir='ltr'><strong>ciusdem¹⁸),</strong></span> <span class='ocrx_word' id='word_1_350' title='bbox 1314 4173 1403 4251; x_wconf 77' lang='grc' dir='ltr'><strong><em>ἔδοξε</em></strong></span> <span class='ocrx_word' id='word_1_351' title='bbox 1486 4174 1492 4185; x_wconf 88' lang='grc'><strong>’</strong></span> 
     </span>
    </p>
   </div>
   <div class='ocr_carea' id='block_1_3' title="bbox 131 4341 1405 5117">
    <p class='ocr_par' dir='ltr' id='par_1_3' title="bbox 220 4341 1012 4414">
     <span class='ocr_line' id='line_1_37' title="bbox 220 4341 1012 4414; baseline 0.004 -17"><span class='ocrx_word' id='word_1_352' title='bbox 220 4349 246 4413; x_wconf 80' lang='grc' dir='ltr'><strong><em>η</em></strong></span> <span class='ocrx_word' id='word_1_353' title='bbox 264 4341 341 4398; x_wconf 78' lang='lat' dir='ltr'><strong>scu</strong></span> <span class='ocrx_word' id='word_1_354' title='bbox 354 4341 417 4398; x_wconf 85' lang='lat' dir='ltr'><strong>xm</strong></span> <span class='ocrx_word' id='word_1_355' title='bbox 430 4349 489 4400; x_wconf 80' lang='lat' dir='ltr'><strong>coa.</strong></span> <span class='ocrx_word' id='word_1_356' title='bbox 558 4348 587 4414; x_wconf 79' lang='lat' dir='ltr'><strong>a)</strong></span> <span class='ocrx_word' id='word_1_357' title='bbox 604 4343 788 4400; x_wconf 63' lang='lat' dir='ltr'><strong>marvan</strong></span> <span class='ocrx_word' id='word_1_358' title='bbox 804 4371 837 4393; x_wconf 91' lang='grc'><strong>-</strong></span> <span class='ocrx_word' id='word_1_359' title='bbox 852 4344 1012 4401; x_wconf 76' lang='lat' dir='ltr'><strong>cinisca</strong></span> 
     </span>
    </p>

    <p class='ocr_par' dir='ltr' id='par_1_4' title="bbox 218 4420 1243 4490">
     <span class='ocr_line' id='line_1_38' title="bbox 218 4420 1243 4490; baseline 0.003 -14"><span class='ocrx_word' id='word_1_360' title='bbox 218 4425 245 4488; x_wconf 75' lang='lat'><strong>8)</strong></span> <span class='ocrx_word' id='word_1_361' title='bbox 262 4420 326 4476; x_wconf 69' lang='lat' dir='ltr'><strong>Mb,</strong></span> <span class='ocrx_word' id='word_1_362' title='bbox 339 4420 412 4478; x_wconf 66' lang='lat' dir='ltr'><strong>liiii.</strong></span> <span class='ocrx_word' id='word_1_363' title='bbox 426 4421 487 4478; x_wconf 77' lang='lat' dir='ltr'><strong>XVI</strong></span> <span class='ocrx_word' id='word_1_364' title='bbox 501 4427 543 4490; x_wconf 70' lang='lat'><strong>26,</strong></span> <span class='ocrx_word' id='word_1_365' title='bbox 557 4427 618 4490; x_wconf 89' lang='grc'><strong>101,</strong></span> <span class='ocrx_word' id='word_1_366' title='bbox 631 4428 680 4477; x_wconf 74' lang='grc'><strong>641</strong></span> <span class='ocrx_word' id='word_1_367' title='bbox 695 4448 728 4470; x_wconf 87' lang='grc' dir='ltr'><strong>-ι</strong></span> <span class='ocrx_word' id='word_1_368' title='bbox 742 4422 825 4479; x_wconf 61' lang='lat' dir='ltr'><strong>nitu</strong></span> <span class='ocrx_word' id='word_1_369' title='bbox 837 4429 904 4479; x_wconf 65' lang='lat' dir='ltr'><strong>m.</strong></span> <span class='ocrx_word' id='word_1_370' title='bbox 1239 4474 1243 4479; x_wconf 91' lang='lat'><em>.</em></span> 
     </span>
    </p>

    <p class='ocr_par' dir='ltr' id='par_1_5' title="bbox 218 4496 1263 4572">
     <span class='ocr_line' id='line_1_39' title="bbox 218 4496 1263 4572; baseline 0.004 -20"><span class='ocrx_word' id='word_1_371' title='bbox 218 4501 245 4567; x_wconf 76' lang='grc'><strong>4)</strong></span> <span class='ocrx_word' id='word_1_372' title='bbox 263 4498 308 4554; x_wconf 82' lang='lat' dir='ltr'><strong>Gr.</strong></span> <span class='ocrx_word' id='word_1_373' title='bbox 322 4498 371 4554; x_wconf 83' lang='lat' dir='ltr'><strong>vn</strong></span> <span class='ocrx_word' id='word_1_374' title='bbox 386 4505 426 4554; x_wconf 66' lang='grc' dir='ltr'><strong>ιλ</strong></span> <span class='ocrx_word' id='word_1_375' title='bbox 461 4499 492 4554; x_wconf 90' lang='lat' dir='ltr'><strong>ln</strong></span> <span class='ocrx_word' id='word_1_376' title='bbox 509 4499 582 4556; x_wconf 70' lang='grc' dir='ltr'><strong>Ιοι</strong></span> <span class='ocrx_word' id='word_1_377' title='bbox 600 4499 727 4571; x_wconf 78' lang='lat' dir='ltr'><strong>Aponon.</strong></span> <span class='ocrx_word' id='word_1_378' title='bbox 746 4515 811 4556; x_wconf 84' lang='lat' dir='ltr'><strong>sans</strong></span> <span class='ocrx_word' id='word_1_379' title='bbox 828 4501 931 4572; x_wconf 74' lang='lat' dir='ltr'><strong>legitur</strong></span> <span class='ocrx_word' id='word_1_380' title='bbox 948 4499 963 4557; x_wconf 83' lang='grc' dir='ltr'><strong><em>λ</em></strong></span> <span class='ocrx_word' id='word_1_381' title='bbox 982 4503 1066 4572; x_wconf 75' lang='grc' dir='ltr'><strong><em>ύημος</em></strong></span> <span class='ocrx_word' id='word_1_382' title='bbox 1083 4496 1263 4572; x_wconf 55' lang='lat' dir='ltr'><strong>ruent-s.</strong></span> 
     </span>
    </p>

    <p class='ocr_par' dir='ltr' id='par_1_6' title="bbox 217 4575 1036 4648">
     <span class='ocr_line' id='line_1_40' title="bbox 217 4575 1036 4648; baseline 0.007 -19"><span class='ocrx_word' id='word_1_383' title='bbox 217 4578 245 4646; x_wconf 86' lang='grc' dir='ltr'><strong>ο)</strong></span> <span class='ocrx_word' id='word_1_384' title='bbox 262 4575 325 4632; x_wconf 69' lang='lat' dir='ltr'><strong>su</strong></span> <span class='ocrx_word' id='word_1_385' title='bbox 344 4576 416 4634; x_wconf 70' lang='lat' dir='ltr'><strong>utu</strong></span> <span class='ocrx_word' id='word_1_386' title='bbox 434 4576 472 4634; x_wconf 70' lang='grc' dir='ltr'><strong>π</strong></span> <span class='ocrx_word' id='word_1_387' title='bbox 484 4584 526 4643; x_wconf 83' lang='lat' dir='ltr'><strong>ac,</strong></span> <span class='ocrx_word' id='word_1_388' title='bbox 539 4583 592 4633; x_wconf 84' lang='lat' dir='ltr'><strong>ara</strong></span> <span class='ocrx_word' id='word_1_389' title='bbox 605 4603 638 4625; x_wconf 91' lang='lat'>-</span> <span class='ocrx_word' id='word_1_390' title='bbox 652 4577 735 4633; x_wconf 78' lang='lat' dir='ltr'><strong>uita·</strong></span> <span class='ocrx_word' id='word_1_391' title='bbox 747 4583 806 4634; x_wconf 77' lang='lat' dir='ltr'><strong>aas.</strong></span> <span class='ocrx_word' id='word_1_392' title='bbox 877 4583 905 4648; x_wconf 83' lang='lat' dir='ltr'><strong>a)</strong></span> <span class='ocrx_word' id='word_1_393' title='bbox 921 4578 946 4635; x_wconf 84' lang='lat' dir='ltr'>x</span> <span class='ocrx_word' id='word_1_394' title='bbox 961 4585 1036 4648; x_wconf 68' lang='lat' dir='ltr'><strong>aaa.</strong></span> 
     </span>
    </p>

    <p class='ocr_par' dir='ltr' id='par_1_7' title="bbox 220 4651 1404 4730">
     <span class='ocr_line' id='line_1_41' title="bbox 220 4651 1404 4730; baseline 0.005 -22"><span class='ocrx_word' id='word_1_395' title='bbox 220 4657 247 4723; x_wconf 78' lang='grc'><strong>1)</strong></span> <span class='ocrx_word' id='word_1_396' title='bbox 264 4651 324 4720; x_wconf 76' lang='lat' dir='ltr'><strong>Quo</strong></span> <span class='ocrx_word' id='word_1_397' title='bbox 342 4655 431 4726; x_wconf 70' lang='lat' dir='ltr'><strong>magis</strong></span> <span class='ocrx_word' id='word_1_398' title='bbox 448 4655 602 4711; x_wconf 72' lang='lat' dir='ltr'><strong>nuendum</strong></span> <span class='ocrx_word' id='word_1_399' title='bbox 621 4659 664 4711; x_wconf 79' lang='lat' dir='ltr'><strong>est</strong></span> <span class='ocrx_word' id='word_1_400' title='bbox 680 4659 818 4713; x_wconf 70' lang='lat' dir='ltr'><strong>maere·</strong></span> <span class='ocrx_word' id='word_1_401' title='bbox 836 4656 1075 4730; x_wconf 63' lang='lat' dir='ltr'><strong>magimenses</strong></span> <span class='ocrx_word' id='word_1_402' title='bbox 1092 4657 1181 4729; x_wconf 72' lang='grc' dir='ltr'><strong><em>τλτης</em></strong></span> <span class='ocrx_word' id='word_1_403' title='bbox 1194 4658 1345 4729; x_wconf 54' lang='lat' dir='ltr'><strong>malim</strong></span> <span class='ocrx_word' id='word_1_404' title='bbox 1356 4659 1404 4714; x_wconf 79' lang='lat' dir='ltr'><strong>sal</strong></span> 
     </span>
    </p>

    <p class='ocr_par' dir='ltr' id='par_1_8' title="bbox 131 4729 900 4806">
     <span class='ocr_line' id='line_1_42' title="bbox 131 4729 900 4806; baseline 0.005 -19"><span class='ocrx_word' id='word_1_405' title='bbox 131 4740 184 4804; x_wconf 65' lang='grc' dir='ltr'><strong>ιη.</strong></span> <span class='ocrx_word' id='word_1_406' title='bbox 199 4729 342 4802; x_wconf 61' lang='lat' dir='ltr'><strong>nmo</strong></span> <span class='ocrx_word' id='word_1_407' title='bbox 358 4733 432 4804; x_wconf 69' lang='lat' dir='ltr'><strong>apos</strong></span> <span class='ocrx_word' id='word_1_408' title='bbox 449 4732 543 4804; x_wconf 72' lang='lat' dir='ltr'><strong>Polyb.</strong></span> <span class='ocrx_word' id='word_1_409' title='bbox 561 4732 674 4788; x_wconf 83' lang='lat' dir='ltr'><strong>rrrvr</strong></span> <span class='ocrx_word' id='word_1_410' title='bbox 687 4738 740 4801; x_wconf 66' lang='lat' dir='ltr'><strong>aa</strong></span> <span class='ocrx_word' id='word_1_411' title='bbox 758 4735 900 4806; x_wconf 69' lang='lat' dir='ltr'><strong>appellari</strong></span> 
     </span>
    </p>

    <p class='ocr_par' dir='ltr' id='par_1_9' title="bbox 174 4808 1405 5117">
     <span class='ocr_line' id='line_1_43' title="bbox 223 4808 1315 4886; baseline 0.005 -22"><span class='ocrx_word' id='word_1_412' title='bbox 223 4808 1315 4886; x_wconf 66' lang='lat' dir='ltr'><strong>mumquomnmonuopemspentmnmlaspimmvma</strong></span> 
     </span>
     <span class='ocr_line' id='line_1_44' title="bbox 174 4886 1405 4978; baseline 0.004 -37"><span class='ocrx_word' id='word_1_413' title='bbox 174 4952 180 4960; x_wconf 44' lang='lat'>‚</span> <span class='ocrx_word' id='word_1_414' title='bbox 221 4891 249 4956; x_wconf 83' lang='lat' dir='ltr'><strong>a)</strong></span> <span class='ocrx_word' id='word_1_415' title='bbox 266 4886 310 4942; x_wconf 82' lang='grc' dir='ltr'><strong>ιο.</strong></span> <span class='ocrx_word' id='word_1_416' title='bbox 323 4886 372 4943; x_wconf 82' lang='lat'><strong>111</strong></span> <span class='ocrx_word' id='word_1_417' title='bbox 387 4894 472 4957; x_wconf 64' lang='lat' dir='ltr'><strong>uras</strong></span> <span class='ocrx_word' id='word_1_418' title='bbox 489 4891 519 4946; x_wconf 74' lang='lat' dir='ltr'><strong>aa</strong></span> <span class='ocrx_word' id='word_1_419' title='bbox 534 4886 612 4944; x_wconf 74' lang='lat' dir='ltr'><strong>nen.</strong></span> <span class='ocrx_word' id='word_1_420' title='bbox 627 4887 676 4945; x_wconf 83' lang='lat' dir='ltr'><strong>vn</strong></span> <span class='ocrx_word' id='word_1_421' title='bbox 689 4894 748 4945; x_wconf 80' lang='lat' dir='ltr'><strong>aaa.</strong></span> <span class='ocrx_word' id='word_1_422' title='bbox 834 4895 878 4962; x_wconf 85' lang='grc' dir='ltr'><strong>ιο)</strong></span> <span class='ocrx_word' id='word_1_423' title='bbox 895 4890 952 4978; x_wconf 62' lang='lat' dir='ltr'><strong>rol</strong></span> <span class='ocrx_word' id='word_1_424' title='bbox 970 4891 1008 4947; x_wconf 88' lang='lat' dir='ltr'><strong>m</strong></span> <span class='ocrx_word' id='word_1_425' title='bbox 1022 4900 1047 4963; x_wconf 81' lang='grc' dir='ltr'><strong>ι,</strong></span> <span class='ocrx_word' id='word_1_426' title='bbox 1056 4897 1080 4948; x_wconf 85' lang='grc' dir='ltr'><strong><em>τ.</em></strong></span> <span class='ocrx_word' id='word_1_427' title='bbox 1159 4896 1204 4964; x_wconf 84' lang='grc' dir='ltr'><strong>ιι)</strong></span> <span class='ocrx_word' id='word_1_428' title='bbox 1220 4891 1267 4949; x_wconf 80' lang='lat'><strong>10.</strong></span> <span class='ocrx_word' id='word_1_429' title='bbox 1281 4890 1332 4946; x_wconf 80' lang='lat' dir='ltr'><strong>vn</strong></span> <span class='ocrx_word' id='word_1_430' title='bbox 1345 4897 1405 4947; x_wconf 79' lang='lat' dir='ltr'><strong>aar.</strong></span> 
     </span>
     <span class='ocr_line' id='line_1_45' title="bbox 203 4963 1281 5117; baseline 0.006 -20"><span class='ocrx_word' id='word_1_431' title='bbox 203 4967 249 5114; x_wconf 70' lang='grc' dir='ltr'><strong>λζ</strong></span> <span class='ocrx_word' id='word_1_432' title='bbox 265 4963 448 5102; x_wconf 56' lang='lat' dir='ltr'><strong>retr:</strong></span> <span class='ocrx_word' id='word_1_433' title='bbox 462 4966 574 5103; x_wconf 58' lang='lat' dir='ltr'><strong>Psi.</strong></span> <span class='ocrx_word' id='word_1_434' title='bbox 589 4969 698 5102; x_wconf 59' lang='grc' dir='ltr'><strong>λζ’)</strong></span> <span class='ocrx_word' id='word_1_435' title='bbox 714 4965 1209 5117; x_wconf 57' lang='lat' dir='ltr'><strong>¹⁰il¹tftcufflflsttu</strong></span> <span class='ocrx_word' id='word_1_436' title='bbox 1276 5104 1281 5114; x_wconf 81' lang='grc'><strong><em>,</em></strong></span> 
     </span>
    </p>
   </div>
   <div class='ocr_carea' id='block_1_4' title="bbox 0 0 1539 5460">
    <p class='ocr_par' dir='ltr' id='par_1_10' title="bbox 0 0 1539 5460">
     <span class='ocr_line' id='line_1_46' title="bbox 0 0 1539 5460; baseline 0 0"><span class='ocrx_word' id='word_1_437' title='bbox 0 0 1539 5460; x_wconf 95' lang='lat' dir='ltr'><strong> </strong></span> 
     </span>
    </p>
   </div>
   <div class='ocr_carea' id='block_1_5' title="bbox 1180 5412 1222 5424">
    <p class='ocr_par' dir='ltr' id='par_1_11' title="bbox 1180 5412 1222 5424">
     <span class='ocr_line' id='line_1_47' title="bbox 1180 5412 1222 5424; baseline 0 0"><span class='ocrx_word' id='word_1_438' title='bbox 1180 5412 1222 5424; x_wconf 63' lang='lat'><strong>0⁴</strong></span> 
     </span>
    </p>
   </div>
  </div>
 </body>
</html>
